2984 4892
861 342 1171 393 :unicui
1219 341 1314 390 ιιι·
1358 340 1849 392 τητωοκιᾼ.
2365 325 2454 391 sl.

261 489 518 567 oblinet,
550 468 865 567 brevitas,
918 493 989 554 et
1026 489 1378 573 abruptum
1413 488 1738 554 sermonis
1776 505 2015 570 genus:
2060 485 2241 573 quod
2273 485 2445 550 otio·
2479 451 2490 461 ’

258 613 397 657 sum
441 592 722 657 fortasse
773 591 1087 657 lectorem
1128 595 1344 656 minus
1391 591 1583 673 fallit,
1633 589 2001 656 audientem
2062 588 2450 665 transvolat,

261 715 393 775 uec,
420 693 577 759 dum
606 701 963 779 repetatur,
994 699 1326 779 expectat.

1154 865 1262 930 Εἰ·
1291 882 1451 930 vm.
1482 865 1549 930 3.

340 1001 486 1068 Nec
512 1003 737 1068 minus
763 1008 923 1069 noto
952 978 1311 1067 Sanustius'
1332 1004 1801 1087 epigrammate
1829 1000 2220 1071 incessitur:

402 1104 515 1171 Et
537 1107 749 1171 verba
778 1105 1033 1190 antiqui
1062 1105 1338 1169 multum
1366 1103 1577 1168 furate
1610 1101 1908 1182 Catonis,

516 1205 784 1293 Crispe,
813 1206 1226 1290 Iugurthinae
1260 1207 1565 1270 conditor
1592 1205 1911 1270 historiae.

1195 1394 1285 1461 Et
1316 1413 1428 1461 1x.
1455 1396 1525 1462 3.

348 1533 453 1600 Ex
481 1534 734 1601 Graeco
760 1532 1081 1599 translata
1105 1532 1411 1599 Sallustii
1437 1531 1752 1617 plurima.

1229 1709 1317 1776 Et
1346 1726 1421 1803 x.
1449 1710 1514 1775 l.

343 1846 585 1932 Neque
612 1846 734 1912 illa
760 1846 1167 1913 Sallustiana
1200 1847 1530 1926 brevius,-
1548 1865 1685 1929 qua
1723 1844 1885 1910 nihil
1912 1843 2095 1929 apud
2126 1864 2318 1911 aures
2346 1866 2465 1912 va-

268 1968 418 2013 cuas
445 1954 653 2034 atque
680 1950 970 2016 eruditas
998 1956 1219 2033 potest
1244 1969 1394 2015 esse
1436 1948 1821 2032 perfectiuS‚
1852 1947 2460 2032 apud-occupatum

266 2053 457 2117 variis
485 2053 999 2134 cogitationibus
1017 2051 1318 2136 judicem
1355 2057 1424 2117 et
1471 2053 1727 2135 saepius
1769 2050 2163 2137 ineruditum
2189 2056 2461 2133 captan-

198 2142 207 2155 ’
269 2151 354 2216 da
375 2155 571 2218 nobis
614 2161 752 2219 est:
804 2173 1019 2237 neque
1060 2154 1176 2220 illa
1216 2154 1397 2219 Livii
1441 2155 1662 2221 lactea
1696 2155 1958 2218 ubertas
1994 2155 2260 2221 docebit
2297 2155 2463 2220 satis

270 2272 431 2333 emn,
460 2259 582 2338 qui
606 2275 741 2319 non
768 2256 1065 2340 speciem
1094 2257 1554 2340 expositionis,
1581 2256 1701 2322 sed
1728 2256 1929 2322 fidem
1958 2261 2217 2343 quaerit.

1176 2431 1265 2498 Et
1290 2406 1563 2499 ibidem.

347 2563 440 2630 At
462 2586 595 2632 non
628 2566 935 2632 Historia
984 2569 1261 2634 cesserit
1307 2568 1607 2635 Graecis:
1665 2589 1791 2634 nec
1829 2568 2208 2654 Thucydidi
2253 2590 2467 2654 oppo-

272 2685 412 2733 nere
460 2668 857 2734 Sallustium
901 2690 1167 2737 verear:
1210 2691 1337 2736 nec
1373 2672 1743 2753 indignetur
1780 2670 2170 2736 Herodotus
2215 2672 2471 2754 aequari

273 2770 397 2835 sibi
423 2770 507 2834 T.
538 2769 836 2850 Livium,
869 2792 1020 2838 cum
1061 2774 1132 2837 in
1176 2774 1506 2841 narrando
1534 2776 1717 2839 mirae
1739 2773 2203 2857 jucunditatis,
2238 2773 2468 2837 claris-

273 2873 550 2957 simique
580 2875 914 2952 candoris,
946 2883 1085 2941 tum
1130 2877 1201 2940 in
1247 2875 1704 2953 concionibus,
1734 2894 1937 2958 supra
1988 2892 2189 2957 quam
2222 2876 2471 2939 narrari

274 2980 501 3057 pooest,
548 2977 1002 3061 eloquentem3
1089 2979 1186 3043 ita
1233 2978 1545 3044 dicuntur
1596 2978 1820 3041 omnia
1876 2995 2028 3040 cum
2077 2976 2273 3040 rebus
2329 2982 2470 3041 tum

274 3080 573 3158 personis
600 3080 1132 3159 accommodata,
1163 3079 1285 3145 sed
1330 3076 1608 3145 affectus
1650 3078 1941 3162 quidem,
1967 3078 2322 3161 praecipue
2349 3097 2468 3143 eos

278 3179 387 3261 qui
412 3186 572 3245 sunt
598 3181 950 3260 (lauciores,
974 3187 1046 3246 ut
1071 3183 1456 3265 parcissime
1483 3181 1725 3258 dicam,
1752 3199 1945 3244 nemo
1978 3179 2471 3246 Historioorum

279 3281 763 3347 commendavit
803 3283 1054 3366 magis:
1100 3282 1411 3368 ·ideoque
1458 3282 1891 3347 immortalem
1944 3282 2122 3345 illam
2172 3281 2474 3346 Sallustii

280 3383 700 3451 velocitatem
753 3382 1037 3461 dirersis
1090 3385 1442 3450 virtutibus
1464 3390 1884 3449 consecutus
1927 3389 2050 3460 est,
2109 3402 2260 3445 nam
2312 3381 2476 3445 mihi

279 3488 531 3572 egregie
554 3487 813 3553 dixisse
847 3484 1112 3553 videtur
1138 3486 1458 3553 Servilius
1489 3484 1868 3563 Nonianus,
1897 3502 2089 3567 pares
2119 3494 2234 3548 eos
2261 3483 2480 3566 magis

281 3608 471 3673 quam
496 3589 777 3657 similes.

1185 3724 1273 3790 Et
1297 3724 1568 3791 ibidem.

366 3861 571 3929 Attici
598 3863 908 3948 praecisis
952 3863 1491 3929 conclusionibus
1541 3861 1832 3938 obscuri,
1865 3858 2250 3924 Sallustium
2278 3861 2480 3941 atque

288 3962 735 4052 'l'nucydidem
766 3971 1123 4049 superant;
1164 3968 1379 4029 tristes
1419 3985 1500 4029 ac
1520 3965 1740 4050 jejuni·
1764 3962 2134 4027 Pollionem
2166 3959 2480 4024 aemulan-

294 4071 423 4146 tm
465 4068 662 4133 otiosi
686 4080 758 4134 et
784 4068 1034 4151 supini,
1062 4067 1121 4130 si
1158 4067 1318 4152 quid
1343 4069 1543 4132 modo
1587 4067 1849 4149 longius
1877 4061 2481 4141 circumduxerunt,

293 4167 917 4267 ,imantciceronem
943 4169 1041 4234 ita
1060 4168 1425 4234 locuturum
1452 4169 1679 4237 fuisse.
