2984 4892
880 363 1191 412 sumen
1239 363 1333 412 ιιι·
1376 362 1871 415 ‘rssrmomA-
2385 347 2480 419 80

276 510 551 596 scripsit,
598 516 667 576 et
718 509 1124 595 quibusdam
1179 509 1330 575 aliis
1376 508 1456 575 C.
1506 510 1822 578 Sallustio
1875 512 2148 598 iniquiS,
2203 513 2474 598 dignum

276 618 419 677 nota
445 612 666 676 visum
694 617 820 692 est,
849 611 1056 696 quod,
1083 616 1204 678 διο.

1144 826 1233 893 Et
1264 845 1459 897 xvu.
1489 828 1600 895 18.

354 962 451 1029 Μ.
481 962 705 1029 Varro
732 964 804 1028 in
830 963 1042 1029 literis
1068 971 1269 1049 atque
1293 966 1438 1035 vita
1463 966 1595 1031 fide
1623 965 1820 1031 hemo
1864 967 2073 1035 multa
2114 973 2183 1034 et
2223 968 2472 1052 gravis,

276 1068 335 1133 in
360 1068 525 1132 libro
556 1087 755 1151 quem
783 1067 1143 1152 inscripsit,
1174 1068 1365 1148 Pius,
1395 1075 1535 1148 aut,
1565 1070 1670 1135 De
1701 1069 1911 1148 Pace,
1941 1069 2021 1136 C.
2054 1070 2471 1149 Sallustium,

279 1170 649 1253 scriptorem
674 1172 864 1236 seriae
896 1171 1079 1239 illius
1107 1176 1176 1237 et
1200 1193 1449 1239 severae
1478 1172 1822 1251 orationiS,
1843 1174 1912 1237 in
1941 1173 2135 1259 cujus
2161 1174 2476 1241 Historia

277 1273 563 1337 notiones
591 1275 936 1339 censorias
964 1274 1103 1338 fieri
1134 1279 1334 1359 atque
1383 1276 1682 1339 exerceri
1710 1274 2027 1355 videmus,
2058 1277 2126 1339 in
2154 1275 2474 1343 adulterio

280 1372 732 1459 deprehensum
762 1378 849 1441 ab
874 1375 1095 1441 Annio
1144 1375 1421 1455 Milone,
1466 1377 1632 1442 loris
1677 1378 1847 1441 bene
1888 1395 2137 1443 caesum
2187 1378 2373 1458 dicit,
2406 1382 2476 1445 et

282 1495 415 1542 cum
440 1478 735 1546 dedisset
759 1466 1138 1566 pecuniam,
1164 1476 1533 1545 dimissum.

469 1683 829 1751 Suetonius
858 1686 968 1751 De
999 1686 1196 1751 claris
1229 1685 1733 1753 Grammaticis:
1780 1685 1862 1750 de
1892 1682 2266 1771 Philologo.

348 1819 622 1886 Asinius
671 1821 901 1887 Pollio
949 1822 1189 1888 librum
1241 1824 1541 1907 scripsit,
1589 1823 1657 1886 in
1687 1842 1824 1906 quo
1872 1821 2178 1887 Sallustii
2224 1823 2472 1908 scripta

271 1923 695 2009 reprehendit,
717 1930 794 1990 ut
818 1925 1023 1990 nimia
1051 1925 1402 1991 verborum
1428 1923 1843 1989 affectatione
1870 1922 2104 1989 oblita.

1169 2112 1257 2179 Et
1284 2111 1555 2180 ibidem.

347 2231 743 2316 Philologus
772 2232 980 2299 coluit
1018 2232 1537 2299 familiarissime
1587 2230 1670 2298 C.
1703 2232 2119 2311 Sallustium,
2151 2238 2217 2297 et
2246 2252 2327 2298 eo
2360 2231 2472 2299 de-

269 2333 501 2414 functo,
552 2333 863 2399 Asinium
927 2333 1318 2412 Pollionem,
1376 2354 1549 2419 quos
1624 2334 1999 2400 Historiam
2074 2354 2471 2419 componere

270 2455 627 2520 aggressos,
659 2437 932 2502 alterum
959 2436 1287 2501 breviario
1335 2456 1549 2501 rerum
1601 2437 2077 2517 Romanarum,
2110 2456 2197 2501 ex
2226 2437 2472 2521 quibus

268 2557 425 2621 quas
463 2539 670 2633 vellet
695 2540 985 2624 eligeret,
1014 2540 1362 2619 instruxit3
1411 2540 1690 2605 alterum
1716 2541 2085 2625 praeceptis
2114 2540 2195 2607 de
2223 2540 2473 2605 ratione

268 2640 564 2723 dicendl3
631 2661 770 2725 quo
808 2645 1022 2725 magis
1067 2644 1266 2707 miror
1304 2641 1620 2707 Asinium
1661 2641 2032 2707 Pollionem
2084 2641 2472 2723 credidisse,

265 2744 527 2828 antiqua
554 2764 709 2809 eum
738 2745 945 2809 verba
971 2749 1039 2810 et
1058 2742 1301 2827 figuras
1325 2742 1591 2809 solitum
1618 2764 1765 2808 esse
1796 2742 2103 2826 colligere
2132 2743 2469 2822 Sallustio,

262 2863 411 2909 cum
439 2847 620 2910 sciat
645 2865 796 2910 eum
823 2845 954 2910 sibi
995 2845 1157 2909 nihil
1186 2845 1365 2910 aliud
1396 2844 1697 2924 suadere,
1731 2863 1934 2928 quam
1961 2852 2035 2910 ut
2072 2850 2232 2910 noto
2260 2844 2472 2931 civili-

263 2966 384 3031 que
410 2954 478 3012 et
500 2948 778 3032 proprio
807 2956 1103 3013 sermone
1144 2952 1393 3026 utatur,
1437 2947 1754 3030 vitetque‘
1779 2947 2073 3010 maxime
2104 2946 2469 3011 obscurita-

261 3054 384 3114 tem
410 3049 745 3129 Sallustii,
776 3053 843 3114 et
868 3048 1222 3115 audaciam
1249 3049 1320 3113 in
1348 3048 1908 3114 translationibus.

1122 3235 1208 3301 Et
1234 3236 1315 3301 de
1344 3236 1614 3302 Lenaeo.

341 3384 632 3450 Lenaeus
674 3388 861 3449 tanto
911 3400 1133 3449 amore
1180 3401 1341 3465 erga
1386 3382 1650 3464 patroni
1682 3376 2054 3466 (Pompeii)
2081 3379 2469 3448 memoriam

262 3486 491 3565 extitit,
552 3491 628 3550 ut
686 3483 1084 3550 Sallustium
1132 3482 1572 3560 Historicum,
1622 3482 1801 3567 quod
1856 3502 2008 3546 eum
2059 3483 2193 3547 oris
2253 3482 2468 3567 probi,

260 3590 476 3654 animo
521 3586 989 3665 inverecundo,
1040 3587 1447 3670 scripsisset,
1498 3586 1929 3650 acerbissima
1977 3586 2182 3649 satira
2217 3585 2471 3649 lacera-

260 3692 443 3769 verit,
470 3690 868 3757 lastaurum¹
899 3696 967 3754 et
994 3687 1329 3751 lurconem
1367 3692 1434 3750 et
1476 3686 1892 3763 nebulonem,
1937 3686 2472 3770 popinonemque

262 3794 629 3878 appellans,
677 3799 749 3858 et
775 3792 921 3857 vita
965 3790 1372 3874 scriptisque
1410 3796 1876 3868 monstrosum,
1927 3793 2254 3871 praeterea
2296 3787 2470 3872 pris-

260 3914 481 3961 corum
510 3896 928 3980 Catonisque
954 3896 1304 3960 verborum
1330 3892 1918 3958 ineruditissimum
1943 3889 2169 3956 furem.

913 4136 940 4183 1
976 4131 1094 4183 vid.
1117 4086 1597 4196 :Voss-‘Etymolog
1631 4144 1686 4195 p.
1707 4132 1822 4180 281.

374 4243 548 4309 Delfi.
570 4247 620 4293 et
651 4239 775 4290 Vc.
797 4237 928 4289 Clu.
974 4252 982 4257 ·
1269 4235 1464 4287 Saum.
2296 4229 2340 4279 C
