2984 4892
20 790 23 897 ²

1188 343 1607 397 rausum.
2457 334 2504 399 5

298 496 363 556 ἀ
386 488 625 571 dictio:
668 508 793 554 seu
820 496 978 574 q'uae
1029 508 1117 555 ex
1161 489 1392 575 ling-na
1434 495 1506 557 et
1531 491 1848 558 idiomate
1873 494 2110 561 oritur:
2156 490 2294 559 alia
2319 512 2499 573 vero,

294 598 441 678 qim
488 594 687 659 rebus
734 594 910 677 ipsis
963 594 1343 678 ascribitur3
1394 615 1570 680 quas
1615 596 1727 661 vel
1775 597 1991 664 obiter
2039 597 2139 663 illi
2182 596 2253 661 in
2302 616 2503 663 cursu

295 695 635 774 metionis,
681 695 789 760 vel
836 701 1151 780 tanquam
1198 697 1457 764 abunde
1503 699 1811 781 cognitas
1852 700 2231 783 attigerunt,
2259 700 2501 784 quavis

292 798 375 863 de
392 816 605 863 eausa
635 797 945 883 denique,
974 817 1107 864 non
1133 800 1297 864 satis
1335 798 1423 864 ad
1452 805 1725 885 captum
1759 800 2075 878 omnium,
2118 800 2503 886 explicave-

288 907 456 966 runt.
548 899 843 966 Multam
870 901 1208 987 equidem,
1234 921 1512 986 eamque
1549 903 1843 968 maxime
1889 902 2295 969 laudabilem
2339 923 2502 988 ope-

288 1021 427 1067 ram
469 1004 543 1067 in
585 1004 692 1068 his
721 1003 1060 1070 solvendis
1089 1003 1593 1071 difficultatibus
1641 1004 2134 1072 collocaverunt
2175 1006 2498 1073 hactenus

286 1104 411 1169 viri
436 1106 905 1172 eruditissimi:
949 1111 1020 1171 at
1064 1126 1187 1173 suo
1232 1108 1407 1187 loco,
1450 1126 1578 1175 nec
1604 1109 1771 1173 satis
1799 1107 2142 1174 commode
2167 1108 2320 1174 visa
2343 1111 2500 1174 sunt

286 1207 506 1291 posita
530 1228 687 1293 qna:
714 1208 815 1273 illi
844 1210 1222 1294 ceteroquin
1249 1211 1499 1295 optime
1537 1213 1961 1296 scripserunt.
2051 1209 2295 1277 Eorum
2320 1212 2497 1281 enim

288 1308 814 1375 Gommmtarios
869 1312 987 1377 ubi
1042 1312 1385 1395 inspicias,
1442 1331 1599 1396 quae
1668 1313 1757 1378 ad
1814 1312 2065 1378 nudam
2124 1331 2373 1379 vocum
2428 1318 2497 1378 et

288 1410 546 1494 phrasis
590 1413 924 1495 pertinent
950 1410 1528 1496 significationem,
1572 1419 1687 1480 aut
1729 1414 2133 1499 peculiarem
2173 1414 2496 1479 sermonis

286 1507 825 1593 decimationem,
881 1533 968 1579 ea
1018 1534 1171 1580 cum
1227 1515 1546 1580 ulteriori
1579 1535 1797 1581 rerum
1845 1517 2258 1582 enarratione
2311 1534 2497 1581 com-

287 1615 498 1682 mixta
524 1616 861 1682 invenies:
904 1635 993 1682 ex
1027 1636 1162 1701 quo
1191 1619 1417 1697 oritur,
1444 1623 1522 1684 ut
1549 1639 1701 1684 cum
1733 1619 2027 1704 aliquam
2054 1638 2143 1684 ex
2158 1617 2278 1683 -his
2313 1617 2496 1683 notis

284 1717 611 1800 irupiceme
638 1715 835 1795 velis,
861 1737 997 1784 non
1023 1737 1106 1783 ea
1132 1720 1323 1804 prius
1353 1725 1685 1801 occurrat,
1716 1739 1917 1805 quam
1963 1721 2034 1785 in
2062 1719 2234 1798 aliis,
2263 1724 2495 1785 contra

284 1818 484 1883 anirni
510 1820 612 1884 tui
662 1818 1084 1898 desiderium,
1132 1826 1395 1906 tempus
1440 1823 1909 1888 consumseris.
1994 1820 2106 1886 Ne
2132 1820 2292 1905 quid
2315 1820 2494 1904 ejus-

284 1919 464 1985 modi
492 1921 794 1987 eveniret
832 1923 1093 2007 egregie
1130 1924 1427 2009 providit
1464 1923 1598 1990 Vir
1624 1923 2190 2009 prudentissimus.
2278 1919 2494 1989 Nam-

282 2040 409 2106 que
467 2021 1111 2109 Interpretationffln,
1169 2045 1325 2111 quae
1373 2027 1464 2091 ad
1519 2045 1760 2092 vocum
1811 2032 1883 2092 et
1938 2025 2289 2091 sermonis
2325 2023 2493 2092 facit

282 2125 845 2208 explanationem,
875 2146 1168 2195 seorsum
1221 2146 1266 2193 a
1314 2130 1517 2207 notis,
1554 2146 1711 2213 quae
1761 2147 1869 2193 res
1916 2129 2104 2212 ipsas
2148 2126 2489 2207 evolvunt,

282 2227 776 2311 proponendam
796 2227 1116 2296 decrevit:
1160 2231 1317 2309 nisi,
1346 2230 1536 2309 sorte,
1569 2228 1964 2314 quandoque
1991 2228 2079 2299 ad
2104 2235 2320 2309 notas,
2346 2248 2490 2297 ma·-

270 2328 453 2412 jores
502 2329 867 2409 nonnullae,
905 2329 1087 2396 circa
1134 2331 1514 2411 dictionem,
1562 2330 1980 2401 difficultates
2026 2337 2249 2399 essent
2291 2339 2491 2400 retra-

277 2429 535 2495 hendae.
626 2431 1030 2516 Designavit
1054 2436 1350 2519 insuper,
1375 2453 1516 2521 quo
1541 2433 1770 2500 omnia
1793 2435 2012 2518 primo
2042 2435 2265 2500 statim
2290 2435 2490 2501 intui·

278 2537 347 2597 tu
372 2540 818 2614 occurrerent,
843 2543 917 2603 ut
941 2538 1120 2602 notis
1147 2535 1580 2602 arithmeticis
1604 2536 1784 2616 loca,
1811 2534 1930 2602 ubi
1959 2536 2487 2620 interpretatione

278 2653 447 2719 opus
472 2645 676 2716 esset,
704 2638 1183 2722 indicarentur3
1225 2639 1564 2724 alphabeti
1593 2644 1817 2707 autem
1844 2639 2049 2705 literis
2093 2656 2249 2723 quae
2294 2646 2488 2706 notas

274 2745 678 2822 poaoermw
729 2740 999 2809 Minuta
1008 2762 1169 2809 vero
1183 2742 1336 2809 haec
1354 2750 1530 2821 sunt,
1541 2763 1694 2828 qua:
1709 2742 1927 2828 primo
1944 2739 2332 2805 delineantis
2343 2741 2488 2805 ani-

272 2860 452 2905 mum
480 2852 1001 2929 occupaverunt.
1072 2844 1282 2912 Aliud
1298 2851 1519 2912 unaet
1544 2846 1778 2913 eadem
1793 2862 2001 2929 opera
2021 2842 2107 2907 ab
2123 2842 2276 2926 ipso
2302 2861 2489 2927 quse·

272 2942 471 3007 sitnm
488 2950 621 3022 est,
635 2945 935 3026 ubertas,
956 2948 1234 3027 scilicet,
1257 2953 1324 3013 et
1343 2949 1666 3014 sermonis
1683 2945 1904 3032 copia.
1972 2942 2131 3010 Non
2151 2944 2326 3008 enim
2344 2948 2485 3010 tan-

274 3050 404 3109 tum
420 3046 493 3111 in
507 3045 1061 3133 Interpretatione
1078 3069 1205 3117 suo
1224 3070 1491 3136 quoque
1508 3056 1576 3116 et
1589 3049 1867 3115 naturali
1881 3049 2035 3114 loco
2050 3044 2482 3113 restituendas

278 3146 487 3213 voluit
507 3158 737 3232 partes
764 3151 1086 3217 orationis
1110 3153 1427 3237 singulas,
1459 3146 1960 3218 Nominativum
1985 3153 2136 3215 ante
2162 3147 2482 3228 Verbum,

277 3245 511 3313 deinde
557 3249 1075 3334 Accusativum,
1101 3257 1224 3320 stc.
1270 3252 1390 3321 sed
1437 3253 1844 3339 Synonyma,
1875 3253 2306 3319 obscurarum
2334 3251 2483 3316 vice

279 3355 667 3432 praesen-tim,
715 3355 995 3420 aliarum
1045 3355 1249 3422 etiam
1295 3376 1543 3427 vocum
1587 3354 2055 3421 substituenda
2101 3352 2364 3420 statuit:
2410 3358 2483 3418 ut

278 3453 393 3531 sic,
424 3461 567 3521 tum
598 3476 835 3523 sensus
870 3459 1285 3526 clarissimus
1325 3466 1676 3545 appareat,
1707 3466 1847 3525 tum
1887 3460 2239 3524 verborum
2264 3457 2372 3522 vis
2415 3461 2484 3521 et

278 3556 543 3639 propria
590 3558 993 3641 significatio
1042 3560 1461 3645 dijudicetur,
1515 3560 2042 3646 abundantiaque
2093 3560 2480 3627 inducatur:

278 3676 655 3745 quanquam
712 3681 806 3726 ex
874 3662 1108 3728 Poetis
1158 3663 1273 3729 hic
1329 3664 1587 3730 fructus
1642 3665 1763 3730 erit
1815 3664 2024 3729 multo
2089 3662 2475 3727 uberrimus.

284 3756 597 3827 Restabat
622 3762 812 3829 aliud
838 3764 1027 3844 nihil,
1053 3765 1185 3831 nisi
1212 3772 1346 3831 tam
1374 3766 1544 3842 utili,
1582 3771 1850 3850 tamque
1891 3764 2215 3829 laudabili
2258 3763 2480 3829 consi-

276 3857 365 3925 lio
406 3882 675 3929 manum
718 3864 1104 3933 admovere.
1192 3865 1368 3933 Rem
1395 3886 1554 3934 vero
1583 3868 1827 3951 ipsam,
1873 3870 1950 3931 ut
1973 3866 2257 3943 videtur,
2286 3865 2356 3928 in
2398 3881 2477 3928 se

282 3968 516 4049 recepit
543 3974 772 4051 gratus
807 3969 1136 4035 bonarum
1177 3968 1513 4035 literarum
1562 3968 1854 4036 Genius:
1897 3988 2053 4034 nam
2107 3988 2152 4033 a
2193 3984 2330 4050 quo
2373 3964 2476 4032 in·

744 4199 763 4228 ⁸
802 4195 917 4249 No·
937 4195 1109 4263 aliter,
1133 4196 1187 4248 in
1209 4197 1294 4249 ed.
1316 4212 1492 4265 μαι,
1518 4202 1576 4249 ut
1596 4210 1681 4249 res
1702 4193 2002 4263 postulavit.
