2984 4892
456 368 547 433 16
1475 376 1654 428 viu

446 525 817 606 zenobius,
842 521 1144 611 sophista
1183 523 1271 605 is,
1314 525 1431 610 qui
1472 512 1716 595 Romae
1768 524 1999 595 docuit
2027 519 2154 593 sub
2182 525 2484 595 Adriano
2512 526 2670 595 Οε-

444 649 629 712 sare3
684 630 937 715 quique
976 629 1308 714 epitomen
1355 630 1852 714 proverbiorum
1904 630 2218 716 Didymi„
2239 636 2314 707 ,et
2359 630 2669 700 Tarrhoei

452 732 759 817 scripsit3
805 736 881 796 ut
925 731 1117 799 testis
1164 737 1269 797 est
1314 730 1562 797 Suidas
1606 732 1678 797 in
1720 730 2010 814 Ζηνδβιος.,
2091 732 2323 818 Atque
2349 733 2506 803 inde
2532 741 2681 815 est,.

452 835 632 921 quod
663 834 966 901 Sallustii
990 855 1258 920 quoque
1278 835 1578 901 meminit
1605 836 1984 923 Stephanus
2010 838 2080 902 in
2096 834 2344 918 Ἀζιλις.
2393 836 2672 905 Utinam
2751 880 2761 887 -

449 956 608 1003 vero
656 941 914 1002 extaret
956 933 1178 1023 Asper
1220 935 1740 1018 GrammaticuS,
1788 938 2091 1009 Sallustii
2123 943 2466 1025 interpreS,
2499 943 2676 1007 teste

453 1039 892 1126 Hieronymo.
998 1039 1335 1120 Quaedam
1389 1061 1480 1106 ex
1537 1060 1622 1106 eo
1677 1044 1842 1109 citat
1893 1042 2260 1129 Sosipater.
2363 1043 2666 1110 Joannes

454 1141 767 1228 Baptista
833 1141 1001 1209 Pius
1057 1143 1554 1209 annotationum
1595 1143 2066 1223 ,Posteriorum
2120 1165 2276 1230 cap.
2336 1146 2446 1210 84.
2505 1143 2675 1211 citat

450 1250 474 1280 ‘
499 1248 843 1331 antiquum
869 1251 1232 1325 auctorem,
1270 1246 1388 1329 qui
1416 1247 1628 1311 vitam
1657 1245 1957 1313 Sallustii
1983 1244 2257 1315 scribit?
2333 1244 2505 1312 Eum
2533 1264 2672 1312 non

450 1348 615 1415 vidi.
706 1347 845 1415 Sed
888 1348 1035 1413 scio
1063 1348 1272 1413 vitam
1315 1346 1619 1413 Sallustii
1646 1368 1687 1415 e
1711 1350 2047 1415 veteribus
2077 1351 2426 1435 reliquisse
2453 1348 2672 1415 Asco-

449 1451 639 1517 nium
670 1450 1078 1516 Pedianum:
1122 1456 1195 1515 ut
1242 1470 1644 1534 cognoscere
1683 1456 1785 1516 est
1833 1471 1920 1518 ex
1971 1450 2237 1519 Acrone
2283 1453 2370 1518 ad
2424 1450 2670 1518 Horat.

458 1552 601 1621 Sat.
635 1571 681 1618 1.
714 1555 781 1620 2.
809 1555 918 1619 41.
1008 1548 1070 1618 E
1088 1553 1471 1637 junioribus
1497 1552 1675 1618 idem
1703 1555 1929 1620 conati
1957 1553 2368 1638 Pomponius
2412 1551 2678 1632 latus,

452 1662 523 1724 et
566 1655 807 1727 Petrus
856 1655 1172 1735 Crinitus.
1259 1655 1396 1722 Sed
1440 1655 1549 1721 his
1576 1655 1746 1723 fides
1772 1656 2104 1735 habenda,
2135 1663 2464 1741 quatenus
2487 1661 2668 1723 vete-.

452 1778 596 1827 rum
625 1761 871 1826 scrinia
907 1759 1370 1845 compilarunt.
1460 1756 1649 1825 Cave
1698 1764 1921 1825 autem
1971 1780 2125 1829 cum
2174 1759 2490 1827 Sallustio
2537 1758 2674 1827 hoc

452 1860 828 1929 confundas
872 1861 1188 1947 Crispum
1233 1860 1648 1942 Sallustium,
1697 1862 1787 1929 ad
1845 1883 2040 1947 quem
2095 1863 2190 1931 in.
2211 1861 2385 1931 Odis
2436 1856 2674 1929 scribit

459 1957 809 2043 Horatius,
857 1964 1189 2032 Historiei
1232 1964 1436 2053 hujus
1462 1967 1710 2045 sororis
1752 1965 1987 2045 filium,
2016 1964 2301 2050 Augusti
2349 1965 2670 2032 amicum:

455 2065 539 2132 de
569 2087 703 2152 quo
732 2066 989 2134 Seoeca
1015 2068 1136 2133 lib.
1165 2086 1215 2133 1.
1264 2068 1348 2136 de
1395 2067 1785 2151 Clementia,
1828 2075 1898 2138 et
1922 2069 2201 2139 Tacitm
2225 2068 2346 2136 lib.
2373 2084 2423 2133 1.
2451 2071 2522 2133 et
2547 2082 2663 2135 ιιι.

455 2165 704 2236 Amal.
790 2166 860 2235 A
911 2190 1047 2256 quo
1098 2176 1166 2237 et
1215 2173 1556 2239 metallum
1604 2173 1941 2258 quoddam
1990 2171 2468 2241 Sallustianum
2516 2188 2668 2236 esse

444 2269 728 2355 dietum,
756 2271 1016 2341 Plinius
1043 2276 1278 2345 auctor
1304 2279 1411 2343 est
1441 2273 1822 2343 xxxrv.‘2.
2671 2324 2676 2335 -
