2984 4892
516 338 603 405 36
1334 350 1432 400 ns
1477 348 1898 400 SALnusrro

1386 583 1473 649 Et
1499 585 1571 649 in
1601 583 1846 649 Probo.

610 722 691 786 Et
721 721 881 787 mihi
912 720 1178 806 quidem
1208 717 1279 786 id
1309 719 1516 785 animi
1556 718 1708 796 fuit,
1739 737 1871 782 uon
1916 722 1991 782 ut
2038 715 2422 794 Sallustios,
2462 715 2727 796 Livios,

515 823 818 902 Tacitus,
853 823 1137 907 TrogoS,
1167 829 1364 907 atque
1395 839 1623 887 omues
1655 821 2130 886 disertissimos
2179 819 2474 886 imitarer
2512 820 2728 899 viros,

424 988 449 1011 ,
514 927 629 992 sed
663 924 956 992 Marium
986 923 1391 1002 Maximum,
1420 923 1817 989 Suetonium
1842 921 2324 1006 Tranquillum,
2351 926 2474 989 διο.

1381 1095 1468 1161 Et
1487 1084 1611 1161 lib.
1646 1113 1727 1160 11.
1756 1096 1865 1162 13.

605 1233 812 1314 Quod
839 1233 1104 1320 quidem
1133 1252 1261 1297 nou
1286 1231 1455 1316 fugit
1478 1230 1811 1297 hominem
1844 1249 2134 1316 nequam
2164 1230 2577 1310 Sallustium,
2607 1230 2732 1316 qui

516 1339 644 1405 ait:
692 1341 713 1371 ‘
743 1336 881 1403 Sed
907 1337 1121 1402 omnis
1160 1342 1386 1400 nostra
1430 1335 1534 1400 vis
1580 1335 1649 1398 in
1699 1334 1922 1399 animo
1969 1339 2038 1399 et
2081 1352 2359 1419 corpore
2409 1333 2538 1398 sita
2583 1341 2731 1416 θείς

400 1482 417 1489 -
514 1440 714 1505 animi
741 1441 1046 1524 imperi0,
1091 1438 1392 1523 corporis
1439 1437 1708 1502 servitio
1754 1437 1969 1519 magis
2014 1434 2293 1501 utimur!
2380 1435 2615 1514 Recte,
2667 1437 2733 1503 si

514 1538 615 1609 ita
640 1544 924 1608 vixisset
950 1548 1025 1607 ut
1050 1542 1309 1607 locutus
1338 1544 1474 1620 est3
1508 1541 1776 1605 servivit
1797 1542 1972 1606 enim
2001 1538 2389 1605 foedissimis
2416 1540 2731 1624 volupta-

516 1645 723 1724 tibus,
755 1663 1072 1728 suamque
1100 1644 1247 1726 ipse
1273 1642 1672 1706 senteutiam
1699 1643 1858 1709 vitae
1886 1644 2213 1729 pravitate
2241 1641 2569 1707 dissolvit.

1406 1833 1815 1899 Lactantius.

601 1969 976 2048 Sallustius,
1004 1969 1205 2035 homo
1235 1968 1556 2035 eruditus,

1553 2156 1677 2224 Et:

604 2291 991 2371 SallustiuS,
1017 2292 1214 2359 homo
1264 2313 1576 2379 nequam,
1619 2295 1753 2360 ait:
1801 2298 1822 2328 ‘
1855 2294 1990 2360 Sed
2021 2294 2236 2361 omnis
2262 2299 2488 2360 nostra
2511 2294 2620 2359 vis
2653 2295 2730 2361 in

516 2396 737 2460 animo
763 2400 832 2459 et
859 2414 1136 2479 corpore
1165 2397 1297 2461 sita
1323 2402 1462 2462 est:
1510 2397 1713 2460 animi
1757 2397 2053 2480 imperio,
2099 2397 2398 2481 corporis
2449 2397 2730 2463 servitio

515 2495 726 2580 magis
754 2496 998 2561 utimur
1014 2496 1054 2576 ;'
1096 2502 1293 2574 recte,
1326 2499 1386 2561 si
1431 2499 1528 2562 ita
1573 2498 1851 2563 vixisset
1879 2503 1951 2562 ut
1976 2498 2240 2564 loeutus
2268 2502 2405 2578 θείς
2447 2497 2730 2565 servivit

515 2600 691 2663 enim
718 2597 1108 2664 foedissimis
1133 2599 1608 2685 voluptatibuS,
1628 2618 1946 2684 suamque
1972 2601 2120 2684 ipse
2149 2600 2538 2665 senteutiam
2559 2598 2728 2666 vitae
2821 2624 2828 2631 ·

516 2702 850 2785 pravitate
878 2701 1207 2769 dissolvit.
1316 2782 1321 2787 .

647 2890 1103 2977 Hieronymus
1132 2893 1197 2956 in
1225 2893 1520 2978 epitaph.
1553 2889 1989 2975 Neapolitani
2020 2887 2109 2955 ad
2140 2890 2606 2957 Heliodorum.

602 3002 848 3111 Neque
876 3029 1051 3091 enim
1076 3029 1396 3112 proposui
1424 3025 1775 3091 historiam
1802 3027 2108 3104 scribere,
2141 3025 2262 3090 sed
2291 3031 2546 3091 nostras
2575 3026 2726 3091 bre-

515 3128 685 3192 viter
711 3128 867 3192 flere
897 3129 1226 3205 miseriaS,
1276 3129 1571 3213 alioquin
1614 3130 1847 3194 merito
1893 3129 1981 3194 ad
2018 3130 2169 3193 haec
2215 3128 2617 3213 explicanda
2654 3134 2728 3197 et

516 3228 946 3314 Thucydides
976 3238 1044 3296 et
1070 3230 1424 3327 Sallustius
1455 3232 1621 3297 muti
1649 3233 1800 3296 sint.
2461 3224 2468 3229 ’

1028 3417 1119 3484 Et
1141 3419 1259 3483 lib.
1296 3435 1348 3483 1.
1378 3418 1696 3484 adversus
1723 3417 1771 3483 J
1774 3417 2175 3483 ovinianum.

602 3552 840 3618 Cicero
867 3558 1141 3637 rogatus
1169 3555 1254 3619 ab
1288 3555 1541 3633 Hirtio,
1569 3562 1645 3637 ut
1672 3560 1823 3638 post
1849 3553 2194 3638 repudium
2233 3552 2581 3632 Terentiae,
2612 3573 2726 3621 so-

512 3674 724 3721 rorem
757 3654 906 3739 ejus
948 3655 1236 3734 duceret,
1285 3657 1554 3720 omuino
1608 3656 1734 3721 hoc
1787 3655 2005 3720 facere
2052 3655 2446 3739 supersedit,
2487 3656 2723 3723 dicens

513 3775 646 3820 non
673 3776 873 3840 posse
904 3759 1092 3823 uxori
1117 3777 1190 3822 se
1218 3763 1286 3822 et
1314 3757 1776 3843 Philosophiae
1806 3760 2053 3842 pariter
2082 3778 2353 3841 operam
2380 3757 2576 3839 dare;
2607 3759 2727 3824 illa

511 3859 771 3923 interim
802 3859 1091 3944 conjunx
1120 3861 1398 3944 egregia,
1429 3868 1498 3924 et
1525 3881 1678 3945 quae
1709 3859 1789 3924 de
1811 3862 2099 3925 fontibus
2127 3860 2453 3924 Tullianis
2481 3861 2722 3927 hause-

511 3964 616 4024 rat
643 3961 1061 4045 sapientiam,
1090 3963 1322 4045 nupsit
1362 3962 1688 4028 Sallustio
1715 3964 1988 4028 inimico
2018 3963 2188 4048 ejuS,
2218 3970 2284 4028 et
2312 3964 2501 4028 tertio
2532 3962 2721 4029 Mes-

512 4060 674 4127 salae
705 4060 1021 4143 Corvino,
1053 4070 1119 4130 et
1147 4064 1343 4149 quasi
1371 4085 1489 4151 per
1517 4064 1845 4149 quosdam
1889 4066 2133 4151 gradus
2173 4064 2564 4152 eloquentiae
2601 4065 2719 4132 de-

512 4163 739 4231 voluta
767 4171 888 4232 est.
