2984 4892
497 402 645 478 lxiii
1175 419 1424 472 moux
1471 416 2024 470 cassius-ricus

498 567 595 620 sed
620 582 716 633 per
737 567 809 619 D.
841 562 941 615 Im.
961 577 1064 630 quo
1088 562 1174 613 illa
1207 563 1374 613 oratio
1410 562 1569 626 perti·

505 633 620 684 uuit
679 633 756 698 (in
818 628 1066 696 princip.)
1111 629 1153 679 C
1207 634 1292 691 51,
1332 633 1397 677 52
1484 643 1570 677 ne-

505 695 1031 814 33353‘21'022333
1050 694 1170 810 3:¹32,
1190 694 1574 822 ³⁰.31¹.'.¹1''2¹3‘21321

505 828 711 877 thracas
751 827 891 876 Deos
929 831 1202 889 acceptum
1244 824 1295 871 in
1339 822 1492 871 fidem
1532 823 1575 871 F

505 895 667 954 ”⁸2⁹
701 905 859 956 quare
877 903 1093 954 capesse
1109 903 1205 953 per
1222 889 1366 936 Deos
1388 887 1574 952 Remp.

508 957 738 1015 ruas
804 955 862 1017 (i.
903 970 950 1003 e.
1000 968 1096 1032 per
1135 955 1276 1003 Deos
1320 951 1575 1018 rogatus.)

506 1022 596 1072 Dii
618 1038 630 1070 ε
655 1035 844 1083 magna
862 1020 1049 1069 laetitia
1082 1019 1231 1068 nobis
1255 1025 1355 1079 est,
1378 1032 1497 1067 cum
1521 1025 1575 1073 te

507 1088 668 1138 talem
693 1087 859 1135 virum
897 1086 965 1133 Di
989 1097 1237 1133 monuere
1262 1090 1321 1132 ut
1345 1083 1574 1148 aliquan-

511 1151 581 1201 do
616 1164 801 1216 pacem
822 1150 1001 1198 malles
1024 1149 1057 1200 J
1082 1153 1177 1199 102
1244 1161 1338 1211 pro
1360 1149 1431 1198 Di
1457 1147 1578 1197 boni

516 1214 749 1275 128⁰,ss
814 1221 1016 1277 optare,
1054 1228 1115 1262 ea
1154 1212 1450 1277 approbant
1490 1211 1579 1261 Dii

507 1279 610 1332 Im.
659 1280 893 1342 beneque
934 1278 1144 1327 evenire
1189 1277 1361 1327 sinant
1401 1278 1581 1340 Fan,

512 1349 578 1396 23
644 1344 1029 1407 hominibusque
1046 1341 1329 1395 infestusC
1356 1347 1435 1392 15.
1480 1341 1582 1392 Im.

511 1407 693 1461 confisi
730 1408 773 1459 C
809 1414 872 1458 52
940 1408 984 1456 si
1026 1409 1099 1457 D.
1154 1414 1244 1457 aut
1295 1406 1584 1457 bominibus

620 1488 738 1525 uam
778 1473 894 1523 ullis
919 1471 1159 1537 pepercit
1192 1472 1235 1523 C
1256 1475 1322 1521 52
1388 1471 1584 1521 virtute

517 1554 580 1590 sc
665 1539 710 1588 is
763 1538 1076 1603 volentibus,
1130 1551 1215 1586 ma
1242 1536 1303 1615 'ni
1361 1536 1485 1586 estis
1527 1543 1584 1586 et

514 1603 768 1720 {3353}
791 1602 855 1718 ἐξ
906 1606 1143 1731 ¹3¹...AEss
1182 1608 1439 1716 3:223&
1477 1613 1586 1715 32¹1

520 1741 641 1785 tuta
661 1738 799 1797 sunt,
829 1732 1068 1795 victoria,
1104 1730 1303 1795 praeda,
1326 1732 1442 1779 lans
1465 1731 1499 1783 J
1521 1735 1585 1780 85

518 1795 1404 1924 Ξῖῗὲυῗῖἑῗεῖ“ἔ3ἑιιῗέ“ἔ.ῗῖ.“ῗέο
1411 1801 1589 1910 ἱῗὲἑῗὲ

433 1960 439 1966 -
521 1942 622 1978 non
646 1933 854 1991 poterat
873 1926 907 1977 J
930 1930 997 1976 90
1060 1925 1243 1976 adeste
1270 1925 1501 1979 Quirites
1534 1932 1590 1975 et

522 1993 653 2043 bene
712 1990 1005 2042 ‘ovantibus
1060 1990 1155 2040 Dis
1205 1990 1283 2041 M.
1326 1991 1589 2045 AEmilium

525 2058 698 2108 Consu
720 2072 803 2107 em
845 2055 1030 2106 ducem
1064 2062 1121 2106 et
1142 2062 1406 2106 auctorem
1429 2056 1594 2121 sequi·

524 2124 649 2173 mini
667 2122 709 2172 F
725 2126 842 2183 270,
866 2125 925 2170 11
1148 2154 1151 2155 ⁷

588 2189 840 2253 Deponas
861 2187 959 2235 hoc
988 2183 1230 2251 (bellum)
1250 2185 1327 2235 uti
1366 2184 1594 2237 civiliter

527 2252 570 2303 F
591 2258 708 2315 341,
727 2257 789 2302 21
858 2251 1051 2315 deponi
1084 2264 1204 2301 cum
1245 2251 1470 2300 victores
1511 2266 1594 2301 ve-

524 2319 626 2369 liut
646 2318 680 2370 J
707 2321 769 2367 83
835 2315 1088 2381 depositis
1111 2315 1393 2366 inimicitiis
1416 2316 1596 2367 Valer.

528 2384 586 2447 ii,
607 2387 656 2433 9.
680 2383 789 2432 Ms.
819 2381 1034 2431 Asceus.
1061 2387 1116 2431 et
1140 2381 1312 2431 Hack.
1338 2382 1598 2447 dispositi,

518 2448 681 2501 male.
703 2453 762 2496 ut
782 2444 932 2510 infra,
947 2461 1063 2497 cum
1097 2459 1194 2511 pro
1217 2460 1335 2496 enm

595 2512 896 2576 Depravsta
920 2512 1086 2574 gratia
1116 2525 1308 2574 magua
1328 2526 1452 2576 pars
1472 2512 1509 2564 J
1534 2516 1595 2562 15

594 2578 885 2642 Depressus
920 2575 1132 2626 circiter
1156 2581 1217 2626 12
1263 2576 1424 2641 pedes
1457 2577 1599 2627 humi

534 2643 578 2695 C
601 2649 662 2694 55
732 2641 941 2705 Ulpian.
983 2648 1042 2690 ut
1084 2641 1232 2691 locus
1274 2640 1600 2707 deprimatur

516 2705 1072 2837 ·3‘⁰35³s.2¹111123320¹;3³
1180 2706 1370 2837 ..2³:323
1383 2709 1441 2820 ἓξ
1456 2708 1599 2822 iani·

535 2837 659 2888 dum
701 2837 784 2887 vel
829 2835 1127 2900 depressior
1168 2836 1251 2885 vel
1310 2837 1464 2887 altior
1506 2836 1603 2888 fist

534 2917 688 3017 siqua.
746 2902 835 3016 <¹13¹
853 2915 994 3016 2⁸¹2
1006 2900 1387 3017 ineiigtigangam
1428 2903 1606 3019 agita-

572 2982 707 3018 tuem
783 2983 812 3016 e
880 2982 959 3016 ess
998 2998 1012 3015 .
1143 3000 1156 3016 .
1215 3001 1229 3015 .
1302 2981 1404 3015 err.
1501 2982 1547 3017 vi
1590 3002 1605 3019 .

534 3032 613 3084 Μ.
637 3047 705 3081 xv
742 2982 855 3082 125.
910 3031 1061 3096 Virg.
1106 3031 1268 3081 Geor.
1293 3031 1366 3080 iii.
1417 3033 1528 3083 AEn.
1568 3033 1608 3098 i,

537 3103 599 3148 55
691 3068 964 3161 depressas
1008 3097 1286 3147 convalles.
1322 3097 1607 3147 Columella

536 3162 555 3212 i
596 3167 644 3212 5.
670 3165 806 3225 p-88
874 3176 992 3211 cum
1034 3176 1100 3210 ex
1138 3161 1462 3225 depressiore
1490 3162 1606 3213 loco

567 3227 735 3276 ueriut
754 3240 869 3276 orsa
890 3224 1228 3276 fundamenta
1243 3233 1318 3290 et,
1333 3227 1389 3290 ii,
1410 3231 1476 3277 48

603 3291 930 3341 Descenditz
957 3291 1092 3357 qnod
1116 3290 1331 3341 verbum
1349 3292 1401 3340 iu
1421 3299 1608 3355 pectus

539 3353 594 3407 J.
659 3356 811 3404 altius
845 3371 999 3421 quum
1023 3355 1293 3432 quisquam
1318 3364 1479 3415 ratus,
1526 3357 1611 3407 de-

539 3419 747 3471 scendit
777 3421 811 3472 J
847 3425 903 3470 11
971 3436 1075 3486 qua
1093 3421 1166 3470 illi
1193 3421 1471 3471 descensus
1494 3428 1610 3473 erat

539 3484 592 3536 in
618 3485 842 3535 Galliam
864 3486 1166 3549 properanti
1202 3483 1323 3551 (sub
1346 3486 1610 3536 radicibus

541 3549 729 3616 mont.)
767 3551 810 3601 C
832 3555 897 3600 57

548 3680 590 3732 F
608 3617 893 3681 Descripto
937 3630 1074 3681 quoe,
1094 3616 1184 3682 qui
1231 3629 1488 3681 uumerus,
1511 3619 1610 3667 &m

611 3718 949 3797 Des'euuisset
975 3746 1053 3796 ira
1075 3744 1197 3795 belli
1221 3746 1264 3796 F
1281 3749 1397 3809 286,
1418 3750 1480 3795 25

612 3811 838 3862 Deserta
870 3810 1065 3876 oppida
1088 3812 1120 3863 J
1143 3815 1211 3861 02
1276 3811 1342 3861 ab
1379 3825 1443 3860 ea
1460 3816 1616 3874 parte

548 3876 830 3928 Castellum
853 3877 886 3929 J
908 3881 973 3926 94
1040 3884 1126 3927 est
1146 3890 1177 3925 a
1197 3876 1382 3941 legatis
1402 3876 1448 3925 C
1469 3881 1531 3926 45

615 3942 840 3993 Desidia
898 3950 1054 4007 atque
1125 3940 1362 3991 secordia
1426 3941 1615 3991 bonum

547 4008 711 4059 otium
733 4012 1007 4057 conterere
1034 4006 1077 4056 C
1097 4009 1130 4055 4
1197 4007 1319 4072 quia
1340 4005 1539 4056 desidia
1560 4013 1618 4056 et

548 4072 738 4123 inertia
760 4077 817 4121 et
839 4079 1021 4135 stupor
1042 4086 1155 4131 eos,
1191 4079 1347 4137 atque
1392 4072 1618 4136 torpedo

547 4138 760 4200 invasit,
779 4139 876 4187 fite.
897 4137 940 4187 F
961 4140 1078 4199 355,
1099 4141 1163 4186 10

616 4203 890 4266 Designati
921 4202 1066 4252 Coss.
1104 4202 1148 4253 C
1190 4205 1254 4251 18
1317 4216 1536 4265 sperans
1574 4202 1618 4252 si

534 4267 853 4328 stestguatus
895 4265 1038 4316 foret
1078 4265 1141 4331 (i.
1164 4282 1214 4316 e.
1249 4268 1430 4317 consul
1455 4267 1536 4334 d.)
1574 4268 1620 4317 C

554 4334 639 4381 38,
687 4330 939 4380 Tribunus
961 4331 996 4382 J
1019 4336 1084 4380 27
1481 4370 1486 4375 .

622 4393 879 4447 Desiueut
916 4395 1028 4449 baec
1075 4397 1211 4447 mals
1263 4412 1383 4450 cum
1420 4396 1618 4451 bonore

1647 562 1881 624 pecuniae
1908 563 1951 611 F
1966 564 2081 624 8⁴⁷,
2098 563 2129 609 3
2193 574 2346 610 ome
2366 559 2555 611 bellum
2571 550 2722 619 mh

1648 627 1822 689 facile,
1861 635 2093 677 ceterum
2153 627 2428 689 nigerrime
2471 627 2692 675 desinere

1646 692 1680 743 J
1703 696 1767 741 83
1833 691 2095 741 desineret
2114 690 2303 740 bellum
2326 691 2515 757 quibus
2535 696 2692 756 posset

1648 756 2030 807 conditionibus
2055 755 2096 804 F
2112 759 2230 815 332,
2255 761 2315 805 12

1714 822 2013 872 Desisteret
2037 821 2241 871 actione
2259 822 2303 871 F
2324 825 2445 881 292,
2467 824 2529 871 12

1714 887 1966 949 Despecti
1988 886 2114 937 estis
2138 900 2229 935 vos
2254 887 2305 935 in
2328 900 2449 935 mea
2469 884 2644 951 injuria
2660 883 2690 937 J

1653 955 1713 1001 14
1780 952 1935 1000 immo
1959 952 2190 1016 despecti
2209 961 2266 1000 et
2291 952 2488 1015 indigni
2509 949 2706 1015 Repub.

1651 1016 1813 1066 habiti
1838 1019 1880 1066 F
1902 1021 2019 1075 280,
2037 1022 2097 1066 21
2168 1015 2403 1079 agitandi
2437 1016 2582 1080 ino‘p·
2619 1015 2700 1064 de-

1652 1090 1965 1146 spectusque
1990 1085 2031 1131 F
2053 1087 2170 1141 270,
2193 1087 2255 1130 11
2323 1082 2613 1144 despiciens
2631 1080 2697 1144 ig·

1651 1147 1978 1196 nobilitatem
2004 1148 2125 1211 Jug.
2147 1148 2180 1199 J
2200 1151 2263 1195 11
2331 1148 2403 1198 Q.
2439 1146 2700 1209 Pompeius

1653 1211 1791 1276 apud
1833 1212 2088 1261 Priscian.
2141 1216 2255 1263 793.
2349 1212 2443 1259 Me
2479 1212 2700 1260 miserum

1653 1291 1805 1343 quem
1843 1277 1983 1326 mille
2029 1276 2255 1327 foeminae
2279 1275 2542 1340 despicari
2579 1288 2700 1325 aune

1656 1350 1796 1391 sunt.
1819 1345 1868 1391 2.
1893 1343 2019 1391 Mss.
2046 1343 2256 1406 optime
2279 1349 2445 1406 note,
2466 1346 2702 1406 reponunt

1656 1407 1758 1457 inae
1776 1421 1874 1470 pro
1895 1408 2054 1457 mille.
2078 1412 2244 1457 recte.

1722 1471 2009 1522 Destinatis
2031 1473 2266 1523 dominos
2289 1473 2332 1521 F
2349 1475 2472 1528 301,
2491 1474 2552 1519 lo

1724 1535 2047 1587 neten-iorem
2100 1538 2266 1587 bouus
2321 1536 2521 1585 divitiis
2563 1534 2704 1597 magis

1659 1602 1858 1651 clarum
1886 1609 2267 1668 acceptumque
2287 1600 2442 1650 videt
2465 1600 2506 1649 1²
2529 1604 2634 1661 353,
2649 1602 2702 1647 23

1660 1667 1714 1716 in
1729 1665 1963 1716 deterius
1974 1668 2264 1733 composuit
2283 1664 2451 1729 (falsa
2468 1664 2536 1713 de
2559 1663 2710 1723 bouis)

1661 1731 1704 1780 F
1739 1735 1855 1795 332,
1900 1737 1959 1782 13
2051 1732 2322 1783 deterrimi
2381 1730 2621 1781 mortales
2672 1729 2710 1777 P

1663 1799 1827 1857 ³43ae
2507 1851 2518 1857 ,

1728 1861 2076 1913 Deterrentur
2096 1863 2276 1928 praelio
2294 1862 2334 1913 J
2353 1866 2423 1912 98

1728 1926 2044 1978 Detineatur
2066 1928 2252 2006 quibus
2275 1927 2345 1975 ab
2363 1927 2503 1976 malo
2522 1923 2711 1990 publico

1664 1992 1708 2041 F
1730 1995 1846 2056 346,
1869 1996 1896 2041 1
1965 1994 2178 2042 ambitio
2215 1992 2357 2041 mala
2396 2007 2430 2041 a
2451 1991 2613 2040 studio
2631 1988 2669 2037 C
2683 1990 2708 2035 1

1667 2056 1882 2106 verbum
1916 2059 2156 2108 militare.
2196 2057 2452 2134 Propert.
2487 2056 2543 2118 ii,
2577 2058 2624 2116 7,
2644 2056 2714 2103 34.

1665 2120 1907 2172 detentas
1937 2128 1995 2173 et
2037 2121 2250 2172 Curtius
2273 2122 2352 2183 iit,
2380 2127 2427 2172 1.
2478 2135 2593 2170 usus
2614 2124 2713 2167 est:

1666 2188 1865 2237 hostem
1889 2187 1963 2237 ita
1994 2187 2224 2238 detinuit
2256 2195 2313 2236 ut
2338 2187 2392 2235 ei
2426 2200 2524 2235 nec
2561 2180 2714 2234 coaffl-

1670 2251 1844 2315 gendi‚
1866 2267 1961 2303 nec
1983 2252 2208 2304 abeundi
2231 2250 2391 2301 daret
2412 2249 2716 2300 facultatem.

1667 2317 1902 2367 Frontin.
1924 2318 1981 2380 ii,
2005 2323 2051 2368 1.
2073 2334 2125 2382 p.
2147 2321 2264 2367 188.
2290 2317 2484 2366 Senec.
2587 2317 2715 2363 .115.

1667 2382 1780 2432 haec
1803 2396 1885 2432 res
1908 2388 1988 2433 tot
2018 2383 2229 2448 judices
2262 2381 2495 2431 detinet.
2515 2395 2545 2429 u
2582 2379 2599 2428 i
2629 2377 2716 2427 Hs.

1669 2461 1783 2512 pro,
1807 2447 1873 2496 ad
1896 2448 2211 2510 mercedem,
2232 2447 2296 2497 ad
2319 2447 2527 2496 scelera

1736 2513 1998 2562 Detracta
2019 2514 2086 2563 de
2111 2526 2300 2576 pecore
2332 2512 2478 2562 coria
2501 2512 2543 2560 1³·
2572 2511 2675 2570 318,
2691 2509 2717 2555 3

1672 2576 1928 2628 detractae
1967 2577 2232 2639 religionis
2267 2591 2479 2641 poensm
2501 2573 2718 2638 exegisse

1672 2644 1735 2693 V.
1761 2643 1908 2693 Max.
1929 2642 1965 2709 i,
1991 2648 2037 2705 1,
2059 2647 2141 2694 17.
2196 2646 2316 2707 post
2353 2640 2722 2692 transtulissent

1673 2709 1776 2759 Ms.
1816 2709 1944 2772 legit
1987 2723 2164 2758 omnes
2203 2707 2292 2773 qui
2337 2714 2497 2758 erant
2530 2716 2720 2755 numero

1675 2777 1961 2837 super,&c.
1997 2773 2131 2823 bene

1741 2839 1959 2888 Detrshi
1998 2839 2144 2888 vobis
2167 2836 2504 2901 dignitatem,
2543 2832 2614 2885 illi
2635 2844 2724 2885 ne·

1677 2909 1785 2954 turn
1810 2903 1853 2953 F
1875 2908 1991 2969 280,
2007 2909 2066 2954 15

1740 2969 2062 3019 Detrectant
2133 2968 2371 3018 adversae
2439 2982 2522 3018 res
2585 2963 2722 3015 etiam

1676 3033 1861 3093 bonos,
1883 3034 1937 3083 in
1959 3034 2179 3084 victoria
2200 3036 2285 3084 vel
2307 3032 2516 3098 ignavis
2537 3026 2725 3096 gloriari

1677 3097 1804 3148 licet
1834 3101 1869 3150 J
1892 3102 1956 3148 53
2032 3100 2119 3150 Sic
2158 3099 2370 3149 'llacitus
2409 3098 2463 3148 iu
2502 3096 2634 3147 Dial.
2668 3092 2724 3141 de

1681 3165 1833 3214 Orat.
1857 3178 1972 3228 cap.
2000 3168 2083 3214 12.
2122 3163 2296 3227 plures
2316 3163 2478 3213 hodie
2521 3158 2726 3222 reperies

1681 3230 1770 3294 qui
1813 3229 1928 3278 Cic.
1968 3229 2181 3293 gloriam
2222 3243 2379 3294 quam
2423 3225 2623 3291 Virgilii
2650 3222 2725 3272 de-

1681 3300 1935 3358 trectent,
1967 3304 2024 3344 et
2043 3293 2170 3343 alibi
2196 3310 2211 3342 ι
2263 3308 2361 3358 per
2383 3306 2584 3343 summa
2601 3286 2730 3351 flagi·

1647 3352 1664 3367 *
1685 3358 1755 3409 tia
1776 3357 2198 3408 detrectantibus
2219 3359 2464 3408 militiam
2492 3358 2533 3407 1³
2548 3359 2656 3414 337,
2671 3355 2725 3401 24

1748 3423 2110 3474 Detrimeuto:
2148 3424 2340 3489 praedm
2385 3421 2552 3487 magis
2594 3430 2726 3485 quan

1684 3489 2016 3552 detrimento,
2036 3488 2148 3539 fore
2171 3489 2269 3538 alis
2294 3488 2417 3539 belli
2442 3481 2726 3558 facinora-C

1683 3559 1750 3603 48
1815 3554 2012 3604 minore
2033 3555 2148 3604 illos
2172 3553 2305 3604 vinci
2325 3568 2484 3620 quam
2506 3564 2616 3601 suos
2638 3559 2728 3597 vtu-

1686 3632 1809 3669 cere
1831 3619 1863 3671 J
1888 3623 1951 3669 54
2469 3634 2488 3648 ⁸
2725 3616 2732 3621 ’

1753 3685 2050 3734 Detrususe
2088 3698 2258 3749 neque
2281 3683 2523 3733 detrusus
2553 3681 2726 3745 aliquo·

1687 3750 1825 3799 tiens
1846 3755 2072 3799 terretur
2096 3750 2136 3798 F
2154 3754 2272 3809 289,
2294 3754 2326 3798 8

1753 3814 2062 3865 Dextimos:
2087 3817 2224 3878 apud
2246 3814 2504 3863 dextimos
2526 3811 2562 3864 J
2585 3813 2670 3860 too

1757 3881 1980 3943 Dextra,
2004 3880 2216 3929 sinistra
2246 3880 2620 3928 circumventus
2652 3871 2725 3931 ab,

1690 3948 1786 3994 stc.
1811 3945 1844 3997 J
1869 3950 1958 3996 101
2026 3946 2324 3994 libertatem
2358 3951 2410 3993 st
2451 3957 2516 3993 ue
2529 3938 2726 4006 patriam

1693 4010 1746 4058 iu
1769 4011 1966 4059 dextris
1981 4011 2169 4060 vestris
2185 4018 2392 4073 portare
2413 3959 2457 4058 ἓ)
2477 4011 2543 4057 58
2689 4066 2702 4078 .

1758 4075 1946 4124 Dicam
1969 4090 2120 4140 quarn
2165 4074 2481 4138 paucissimis
2501 4072 2577 4122 uti
2595 4067 2725 4119 noim

1693 4139 2091 4203 interpretatum
2115 4150 2197 4190 est
2219 4155 2284 4189 ex
2313 4138 2456 4189 libris
2479 4134 2676 4186 Punicis
2692 4130 2722 4182 J

1694 4209 1756 4254 17
1823 4206 1946 4270 quin
1970 4206 2149 4269 accipe
2164 4217 2221 4254 tu
2256 4220 2319 4253 ea
2351 4218 2466 4269 quae
2487 4202 2645 4252 dican
2664 4196 2722 4245 de

1694 4285 1891 4320 summa
1928 4270 2132 4333 Repub.
2170 4271 2346 4331 Fue,
2375 4274 2438 4319 20
2501 4273 2616 4317 sunt
2645 4274 2721 4326 qm

1692 4336 1769 4386 ita
1789 4335 1986 4399 dicant,
2025 4335 2248 4401 imperia
2289 4334 2399 4399 ejus
2423 4334 2607 4397 injusta
2623 4328 2722 4377 be*

1692 4398 1849 4454 barus
1894 4400 2186 4469 nequivisse
2231 4400 2343 4468 pati
2374 4400 2417 4452 C
2437 4402 2500 4450 1⁹
2579 4394 2720 4446 dina
