2984 4892
871 405 1179 458 sensum
1225 403 1627 484 sucumve.-
1677 406 1840 456 osa.
1883 390 1995 457 ⁵77.

318 547 558 614 yemtJ·
582 548 714 603 Hoec
729 549 837 602 ille.
870 550 1110 616 Sequiori
1130 560 1244 602 sevo
1265 564 1389 615 qno-

313 642 421 691 que
446 626 646 685 Cancer
677 628 990 692 appellatur.
1059 627 1236 693 Atque
1277 628 1391 678 haec

319 702 391 753 de
429 704 636 767 origiue
675 719 737 753 ac
781 704 1003 755 nomine,
1040 706 1168 754 Rem
1211 703 1283 758 ita
1301 704 1395 754 de-

316 779 532 845 scripsit
557 780 759 830 Flavius
780 781 1042 845 ,Iosephus
1064 782 1222 832 tertio
1235 782 1391 832 Exci-

319 856 422 908 dii:
457 859 473 884 ‘
499 856 846 922 Est,’,iuquit,
865 857 881 885 ‘
905 857 1058 912 Aries
1080 859 1224 909 trabs
1259 874 1392 924 prae-

317 935 560 999 grandis,
581 950 696 999 qaae
717 934 908 984 malum
947 935 1091 985 navis
1125 935 1388 986 assimilat.

317 1011 376 1062 Is
397 1011 723 1062 solidaturin
760 1013 934 1076 capite
972 1012 1114 1077 gravi
1136 1011 1296 1074 ferro,
1335 1014 1388 1063 iu

316 1088 504 1140 arietis
525 1087 761 1152 formam,
776 1091 911 1140 uude
929 1097 983 1140 et
1000 1101 1183 1140 nomen
1201 1103 1391 1142 assum-

319 1167 419 1217 sit:
456 1165 723 1231 dependet
765 1163 985 1230 medius,
1029 1162 1238 1217 funibus
1282 1180 1390 1215 sus-

320 1257 515 1307 pensus
552 1257 618 1292 ex
658 1242 761 1292 alia
796 1241 968 1305 trabe,
990 1242 1137 1293 velut
1161 1242 1386 1303 trutina3

318 1334 440 1384 quas
467 1318 608 1369 trabs
635 1317 789 1383 tignis
813 1319 1058 1383 utrinque
1083 1317 1243 1369 firmis
1280 1333 1388 1369 mn·

317 1396 438 1447 nita
480 1402 558 1446 est
604 1403 662 1446 et
714 1394 863 1447 fulta.
930 1396 1188 1461 Repulsus
1234 1410 1389 1461 porro

319 1488 517 1538 magna
536 1475 766 1525 virorum
788 1489 944 1524 manu
967 1485 1279 1538 retrorsum,
1307 1472 1391 1524 iis·

318 1549 546 1615 demque
568 1556 858 1614 antrorsnm
880 1552 1056 1601 statim
1086 1557 1144 1601 et
1177 1565 1295 1602 cum
1317 1550 1391 1600 in-

316 1633 449 1692 petu
473 1625 875 1696 reflectentibqs‚
891 1629 1064 1694 quatit
1079 1644 1251 1680 muros
1274 1643 1391 1693 pro-

315 1704 517 1755 minulo
541 1703 698 1756 serre.
729 1733 740 1744 ·
769 1707 956 1774 Neque
978 1711 1058 1755 est
1089 1705 1197 1755 ulla
1234 1705 1393 1755 turris

318 1787 431 1836 tam
457 1782 646 1846 valida,
667 1789 760 1833 aut
788 1782 979 1833 moenia
1001 1791 1104 1833 tam
1125 1783 1253 1843 lata,
1274 1797 1392 1847 quae

315 1864 384 1909 nt
429 1858 620 1923 primas
667 1858 890 1912 maxime
934 1860 1114 1923 plagas
1158 1858 1393 1924 tulerint,

316 1935 584 1987 sustinere
617 1942 674 1986 et
714 1936 1122 1988 subsistere-eas
1162 1936 1391 1988 assiduas

314 2013 557 2079 possint?
611 2012 853 2065 Accedat
893 2014 971 2064 his
1016 2014 1147 2066 illud
1191 2016 1389 2065 Lucan.

312 2093 330 2121 ‘
357 2091 444 2142 ‘ru
466 2105 802 2157 quoscunque
841 2092 986 2143 voles
1010 2092 1064 2146 in
1083 2093 1294 2157 planum
1317 2090 1391 2142 ef-

313 2168 544 2220 fundere
578 2185 767 2234 muros,
803 2169 904 2220 His
946 2170 1081 2221 eries
1124 2176 1271 2224 actus
1292 2169 1392 2220 dis·

316 2246 502 2310 pergit
518 2260 644 2295 saxa
666 2246 909 2298 lacertis:
958 2247 1029 2297 Et
1046 2246 1146 2297 hoc
1167 2245 1388 2296 Sidonii:

311 2322 330 2350 ‘
361 2322 411 2372 N
418 2336 480 2371 ec
513 2320 694 2371 Pharii
715 2335 852 2372 nunc
877 2336 1041 2387 regna
1061 2337 1273 2387 precor,
1292 2335 1391 2374 nec

311 2405 380 2457 ut.
401 2399 540 2449 hisee
568 2397 778 2450 lacertis
814 2398 1042 2464 Frangat
1066 2398 1392 2463 Hydaspaeas

317 2476 462 2526 aries
486 2476 729 2540 inpactus
759 2475 1013 2540 Eun-as?
1077 2477 1162 2526 Ex
1183 2476 1263 2526 his
1288 2477 1390 2526 Po-

312 2552 628 2604 liorceticon
658 2559 921 2613 auctores,
961 2558 1017 2601 et
1053 2552 1141 2617 qui
1161 2552 1390 2606 omnium

316 2629 850 2695 circumspectissime
894 2636 950 2680 et
993 2644 1112 2680 cum
1156 2645 1285 2680 cura
1337 2630 1391 2680 id

316 2707 612 2773 argumenti
635 2707 887 2758 tractavit
909 2705 1232 2758 Clarissimus
1268 2707 1391 2772 Lip-

315 2785 449 2847 sius,
473 2785 734 2848 triplicem
774 2791 865 2834 sut
887 2782 1149 2848 duplicem
1172 2786 1392 2835 arietem

317 2861 470 2925 facit,
487 2861 711 2924 liudem,
743 2867 798 2911 et
819 2876 854 2911 a
887 2861 1051 2925 prims
1073 2861 1390 2922 inventione,

318 2954 478 3006 quem
501 2939 736 2990 manibus
764 2939 1077 3006 lacertisque
1117 2939 1272 2990 validi
1308 2940 1393 2989 lio·

315 3018 485 3067 mines
530 3018 850 3067 sustinentes
888 3016 1124 3082 egerint3
1171 3017 1391 3066 alterum

318 3093 692 3159 compositum,
726 3092 815 3158 qui
846 3108 914 3144 ex
946 3093 1095 3143 trabe
1126 3094 1296 3144 altere
1328 3108 1393 3142 ex

317 3178 622 3223 transverso
656 3177 837 3222 erecta
870 3169 1196 3235 dependerit,
1218 3185 1319 3234 quo
1341 3169 1393 3219 vi

317 3250 537 3316 majore,
586 3256 779 3300 conatu
831 3249 1027 3299 leviore
1080 3248 1390 3300 libraretur:

318 3328 515 3381 tertius
535 3325 697 3378 fuerit
716 3326 949 3390 Testudo
966 3327 1225 3377 arietaria.
1259 3327 1391 3379 Qum

317 3418 444 3454 sane
460 3403 784 3467 distributio,
800 3404 928 3455 licet
950 3403 1088 3456 haud
1103 3403 1393 3468 improbau-

319 3482 412 3544 da,
436 3489 611 3533 tamen
635 3481 773 3546 quod
812 3481 877 3531 ad
907 3482 1250 3546 compositum
1272 3482 1393 3533 etti-

318 3564 434 3621 net,
452 3573 556 3608 uon
574 3559 704 3610 satis
721 3573 829 3609 rem
850 3557 1244 3623 exprimit3nam
1264 3574 1393 3623 prae-

322 3643 410 3691 ter
455 3635 657 3700 rudem,
692 3643 748 3686 et
782 3643 976 3701 praeter
995 3637 1394 3701 dependentem,

322 3728 497 3780 exque
519 3714 624 3764 alia
647 3714 813 3776 trabe,
852 3714 997 3763 velut
1020 3714 1154 3778 jugo
1175 3719 1266 3762 aut
1287 3720 1393 3762 tru-

321 3792 449 3854 tina,
474 3798 536 3840 ut
554 3790 750 3840 liabent
771 3788 1172 3852 verbaJosephi,
1187 3787 1394 3837 funibus

323 3866 824 3933 suspensum,etiam
849 3865 1001 3916 Aries
1023 3865 1236 3929 proprie
1259 3879 1395 3924 coiuq

323 3945 527 4010 positus
550 3942 650 3994 suit
672 3959 737 3994 ex
758 3943 990 4007 pluribus
1009 3941 1241 3992 trabibus
1256 3940 1396 3990 inter

321 4036 379 4071 se
422 4021 694 4082 connexis,
734 4027 790 4070 et
826 4019 1029 4069 laminis
1071 4033 1133 4068 ac
1180 4017 1396 4067 vinculis

321 4094 511 4147 ferreis
566 4096 852 4148 arctissime
905 4095 1296 4159 circumligatus
1340 4100 1399 4144 et

321 4175 744 4242 compaginatus..
785 4176 946 4240 Cujus
969 4173 1166 4240 effigies
1188 4175 1396 4239 Campis

319 4253 759 4304 Trans-Isulaniae
777 4252 970 4319 oppido
985 4253 1239 4319 hodieque
1260 4251 1400 4303 vide-

324 4334 433 4384 tur.
501 4329 643 4383 Hine
665 4329 779 4395 jam
815 4329 1179 4396 intelligentur
1200 4329 1400 4382 Lucani

2396 389 2533 464 m

1466 555 1523 602 et
1554 549 1815 606 Ammiani
1835 550 2129 602 Marcellini
2166 551 2438 618 leem-qum
2463 553 2530 605 de

1465 627 1649 678 Ariete
1698 628 1831 679 bunc
1875 628 1928 678 in
1974 628 2184 678 modum
2238 632 2530 694 composito

1463 703 1741 767 habentur,
1763 704 2010 754 hactenus
2030 703 2294 767 aliorsum,
2325 705 2393 756 ad
2428 707 2534 772 pri-

1465 796 1611 831 orem
1635 782 2074 846 compositionem,
2096 782 2283 845 miuus,
2313 790 2369 834 ut
2396 784 2531 834 exis·

1465 856 1612 921 timo,
1648 865 1794 908 reete
1826 859 2095 909 traducta.‘
2146 858 2343 908 Lucani
2368 860 2531 910 verba

1462 932 1539 985 its
1562 948 1619 985 se
1639 935 1856 986 babent:
1910 936 1927 964 ‘
1946 950 2083 985 nunc
2113 935 2415 1000 conjunctas
2440 937 2529 987 ed·

1462 1013 1724 1079 stringere
1742 1014 1892 1064 nodis
1909 1014 2149 1064 Instabat
2163 1012 2409 1080 ferroque
2430 1019 2532 1066 trs·

1464 1090 1577 1152 bes,
1619 1106 1723 1157 quo
1765 1089 2037 1156 frangeret
2079 1091 2528 1144 altos‘Portarum

1463 1175 1661 1232 postes,
1700 1173 2042 1232 quateretque
2078 1167 2331 1217 morantia
2369 1168 2535 1217 claus-

1463 1243 1583 1294 παῖ
1648 1243 1911 1295 Ammiani
1948 1245 2061 1294 haec
2100 1251 2221 1295 sunt
2257 1246 2291 1296 l.
2317 1258 2412 1295 xx.
2444 1245 2533 1297 ubi

1464 1322 1562 1382 ait,
1618 1318 1856 1372 Arietem
1913 1328 2187 1372 vetustum
2230 1321 2529 1374 dissolutum

1461 1396 1647 1461 fuisse,
1680 1405 1738 1449 ut
1761 1397 1962 1450 facilius
2002 1399 2299 1461 veheretur,
2322 1400 2533 1449 iterum-

1465 1489 1565 1539 que
1585 1474 1915 1528 instructum.
1970 1476 2075 1526 Ubi
2098 1478 2320 1540 primum
2342 1477 2397 1527 in
2419 1492 2532 1528 ver-

1465 1551 1544 1602 bis
1584 1553 1783 1604 Lucani
1824 1553 2125 1618 conjunctas
2171 1553 2366 1619 trebes,
2414 1570 2531 1620 quse
2602 1585 2623 1605 0

1465 1629 1616 1680 nodis
1656 1637 1713 1681 et
1752 1627 1892 1682 ferro
1926 1640 2077 1682 erant
2114 1632 2532 1698 adstringeudae3

1466 1705 1535 1757 de
1558 1705 1731 1758 ariete
1746 1706 2016 1772 eiusmodi,
2031 1708 2119 1773 qni
2139 1723 2206 1757 ex
2223 1709 2424 1760 duobus
2441 1717 2534 1761 aut

1468 1782 1636 1834 tribus
1680 1783 1830 1833 malis
1871 1783 2192 1848 compositus
2235 1785 2533 1850 constabat,

1466 1860 1673 1911 omnino
1708 1860 2019 1925 acceperims
2080 1862 2217 1911 Nam
2249 1867 2306 1912 et
2338 1860 2535 1912 Ammi-

1466 1952 1595 1988 anus
1619 1952 1736 1988 cum
1768 1937 1956 2002 inquit,
1990 1935 2228 1987 Arietem
2248 1945 2310 1988 ut
2330 1935 2534 1990 facilius
2555 1958 2559 1961 ·

1464 2014 1761 2076 veheretur,
1791 2013 2093 2064 dissolutum
2133 2013 2424 2078 iterumque
2459 2014 2534 2064 in·

1464 2096 1734 2154 structum,
1777 2090 1893 2155 quis
1937 2104 2039 2140 nou
2078 2090 2144 2140 de
2191 2089 2342 2140 trabe
2396 2090 2534 2150 simie

1464 2168 1587 2218 liter
1607 2168 1817 2231 solutili,
1856 2174 1947 2218 aut
1985 2166 2159 2231 potius
2198 2167 2263 2217 de
2300 2167 2536 2220 trabibus

1465 2261 1604 2309 eum,
1628 2253 1686 2296 nt
1707 2245 2063 2311 indicavimus,
2083 2245 2135 2296 in
2169 2245 2377 2296 modum
2400 2246 2454 2294 in
2476 2259 2534 2295 se

1465 2323 1766 2387 compositis
1805 2329 1960 2390 atque
2001 2324 2191 2387 aptatis
2231 2324 2284 2374 id
2325 2327 2535 2390 quoque

1465 2398 1636 2465 ipsum
1657 2400 2008 2451 intellexerit?
2048 2401 2164 2451 Joh.
2186 2402 2310 2452 Isac-
2333 2402 2482 2454 Pont-

1530 2476 1739 2527 Domum
1773 2476 1957 2540 regiam
1978 2475 2295 2541 comportant]
2329 2476 2535 2528 Omissa

1466 2558 1550 2602 est
1573 2553 1891 2617 praepositio.
1962 2554 2256 2606 ciacconius.

1532 2629 1697 2695 Ibique
1721 2632 1828 2681 sino
1866 2635 1913 2681 et
1954 2630 2106 2695 epulis
2142 2631 2349 2695 onerata]
2383 2581 2539 2685 Quod

1466 2707 1522 2756 iu
1544 2708 1767 2757 vetustis
1787 2708 2090 2772 quibusdem
2110 2709 2305 2771 monti
2326 2708 2538 2774 legitur,

1467 2784 1525 2833 id
1542 2798 1609 2833 ex
1628 2786 1801 2848 glossa
1821 2784 2007 2835 additu
2023 2786 2263 2850 irrepsit:
2288 2793 2345 2837 et
2362 2801 2541 2852 quam·

1468 2863 1544 2913 vis
1584 2862 1721 2913 idem
1758 2871 1843 2914 est:
1874 2864 2151 2929 utrobique
2174 2878 2371 2927 sensus,
2393 2865 2538 2928 prior

1469 2949 1642 2993 tamen
1679 2943 1845 2993 lectio
1881 2942 2068 2993 verior.
2133 2943 2221 2993 Sic
2244 2949 2301 2993 et
2324 2942 2537 2994 Curtius

1469 3034 1522 3069 v.
1557 3020 1574 3048 ‘
1596 3034 1739 3069 mero
1775 3019 2014 3082 onerati‚'
2050 3019 2218 3083 inquit
2239 3025 2297 3070 et
2333 3018 2543 3083 alicubi,

1466 3095 1482 3123 ‘
1509 3094 1809 3148 Oneravere
1828 3111 1884 3146 se
1906 3095 2071 3150 vino.’.
2090 3096 2240 3146 Idem
2263 3103 2440 3146 tamen
2458 3108 2541 3145 vt.

1468 3174 1488 3203 ί
1515 3181 1756 3223 utrumne
1806 3174 1925 3223 vino
1969 3178 2212 3238 gravatus
2267 3172 2542 3224 effudisset

1467 3250 1609 3304 illat'
1662 3258 1733 3315 et,
1764 3265 1891 3302 vm.
1942 3253 1958 3280 ‘
1985 3251 2188 3302 Graves
2233 3266 2374 3303 mero
2419 3265 2539 3301 suas

1469 3329 1606 3379 vires
1646 3326 1937 3379 extollere.'
2001 3327 2104 3377 Sed
2147 3329 2205 3377 et
2241 3328 2421 3378 Livius
2461 3341 2541 3378 w.

1473 3404 1541 3455 ab
1562 3406 1627 3455 U.
1662 3404 1722 3454 C.
1756 3405 1771 3433 ‘
1799 3404 1930 3454 Vino
1968 3403 2241 3469 epulisque
2263 3402 2541 3468 gravatos,’

1472 3481 1619 3538 dicit.
1653 3481 1802 3532 Idem
1840 3494 1922 3531 ix.
1974 3484 1990 3509 ‘
2016 3481 2136 3531 vino
2175 3488 2419 3534 oneratos
2461 3496 2540 3532 so·

1473 3559 1663 3625 piunt,'
1679 3559 1864 3623 inquit.
1931 3558 2116 3610 Rivius.

1541 3638 1673 3687 Cae.
1697 3640 1759 3686 77
1793 3635 1963 3701 Lepti]
1996 3636 2133 3687 Vide
2155 3651 2311 3701 supra
2331 3652 2380 3688 c.
2400 3641 2481 3688 19.

1538 3711 1707 3776 Lepti]
1739 3712 1958 3763 Scilicet
1984 3728 2188 3777 magua.
2526 3725 2531 3734 '

1541 3790 1613 3838 Et
1634 3794 1800 3839 cuncta
1816 3804 1849 3838 α
1875 3789 2062 3851 Bestia,
2098 3788 2291 3850 Albino,
2326 3788 2545 3838 Metello-

1474 3881 1561 3931 que
1582 3865 1838 3929 impetrata
1846 3867 2077 3928 gnaviter
2085 3864 2330 3928 fererant]
2366 3863 2426 3914 ln
2450 3865 2544 3914 Fa-

1479 3944 1714 3994 briciano
1753 3951 1853 4007 est,
1886 3945 2154 4008 imperata,-
2190 3942 2345 4007 idque
2367 3953 2545 3992 sensus

1477 4022 1589 4085 ipse
1625 4022 1874 4085 postulat.
1934 4021 2042 4071 Sed
2085 4027 2141 4071 et
2176 4035 2294 4072 nove
2333 4019 2546 4082 ibidem,

1477 4097 1919 4149 consentientibus
1965 4097 2096 4159 eliis,
2136 4095 2274 4146 haud
2329 4096 2435 4146 scio
2478 4107 2545 4144 an

1478 4174 1692 4237 rectius,
1717 4188 1815 4238 pro
1842 4174 2064 4237 impigre,
2082 4178 2291 4234 stu-esaie,
2304 4170 2548 4234 naviter,

1477 4252 1547 4303 ab
1570 4251 1834 4316 adjectivo
1855 4265 2019 4314 news,
2055 4248 2193 4314 quod
2229 4255 2309 4298 est
2341 4248 2549 4309 diligen

1478 4338 1536 4382 et
1577 4329 1869 4387 industrius,-
1909 4327 2000 4380 nbi
2040 4325 2205 4378 hodie
2232 4323 2547 4388 feregnam
