2984 4892
484 304 572 376 18
1504 321 1677 371 vrrs

490 477 843 538 ncnxrx.¹
932 468 1014 533 L.
1046 464 1354 532 Cornelio
1384 465 1598 532 Cinna
1633 483 1750 532 111.
1795 475 1864 534 et
1909 466 2034 533 Cn.
2073 466 2349 552 Papirio
2392 465 2698 533 Carbone

485 574 684 641 Coss·
760 573 858 637 Hi
891 571 1095 656 Syuae
1125 569 1363 634 infensi
1396 570 1639 633 bellum
1669 570 1865 634 civile
1890 572 2318 648 concitarunt,
2353 570 2533 654 quod
2559 590 2696 636 non

489 680 713 757 desiit,
742 678 872 742 nisi
900 682 1265 761 postquam
1294 674 1503 759 Sylla,
1526 675 1803 739 triennio
1831 679 2010 759 post,
2041 695 2257 739 rerum
2287 678 2541 759 potitus
2571 680 2710 747 est„

490 782 628 847 His
671 780 882 856 annis,
922 778 1141 841 omnis
1188 776 1446 858 generis
1485 775 1739 858 flagitia
1780 777 1847 839 in
1894 776 2096 843 Italia
2135 778 2514 854 commissa,
2555 776 2700 862 ple-

489 886 789 966 beiaeque
828 885 895 944 et
931 878 1189 943 nobiles
1227 877 1500 942 familiae
1548 878 1982 961 gravissimas
2017 881 2428 945 calamitates
2467 898 2700 963 passae

490 991 680 1067 sunt3
725 982 899 1047 unde
927 981 1284 1063 intelligere
1309 980 1465 1045 licet
1493 981 1862 1046 miserrimo
1892 1001 1972 1046 ac
2002 982 2524 1064 flagitiosissimo
2548 1001 2703 1047 aevo

486 1091 712 1151 natum
767 1102 914 1148 esse
972 1081 1378 1160 Sallustium,
1426 1087 1493 1146 et
1537 1100 1671 1165 quo
1724 1083 1930 1148 multo
1976 1085 2190 1167 plura,
2240 1102 2392 1166 quae
2439 1084 2704 1167 vitaret,

490 1206 692 1273 quam
720 1203 874 1269 quae
902 1186 1306 1266 sequeretur,
1334 1182 1624 1247 videbat.
1716 1183 2035 1249 Parentes
2065 1192 2284 1249 tamen
2311 1185 2458 1270 ejus
2485 1186 2703 1251 incul-

489 1294 670 1373 patae
698 1290 854 1352 vitae
885 1286 1092 1350 fuisse
1117 1283 1431 1348 credibile
1458 1283 1555 1362 fit,
1584 1284 1765 1367 quod
1793 1287 2052 1368 priscus
2086 1286 2536 1366 Declamator,
2579 1289 2702 1371 qui

489 1388 753 1455 no‘mine
784 1385 1120 1451 Ciceronis
1150 1384 1220 1448 in
1251 1384 1642 1449 Sallustium
1670 1386 1972 1452 invectus
2000 1394 2121 1466 est,
2153 1391 2501 1473 omniaque
2539 1407 2704 1453 con-

493 1491 785 1576 quisivit,
817 1490 975 1572 quae’
1003 1488 1073 1550 in
1102 1505 1253 1549 eum
1274 1486 1416 1553 dici
1453 1492 1747 1570 possent,
1774 1488 1935 1553 nihil
1970 1490 2039 1554 in
2067 1489 2270 1568 fama,
2296 1490 2705 1554 rumoribus·

491 1613 623 1678 que
679 1589 1144 1673 subsequentis
1201 1588 1422 1652 aetatis
1479 1589 1822 1667 invenerit,
1880 1591 2056 1675 quod
2115 1592 2201 1656 iis
2249 1591 2701 1676 exprobraret.

490 1695 762 1762 Patrem
813 1698 983 1757 certe
1030 1690 1333 1755 Sallustii
1384 1710 1456 1755 se
1504 1693 1839 1775 praeterire
1897 1696 2025 1775 ait3
2088 1696 2109 1727 ‘
2142 1695 2257 1777 qui
2309 1691 2414 1770 si,’
2460 1694 2700 1778 inquit,

492 1802 868 1880 ‘nunquam
911 1795 982 1857 in
1026 1794 1168 1858 vita
1211 1812 1339 1857 sua
1366 1799 1742 1877 peccasset,
1773 1802 1996 1859 tamen
2040 1796 2356 1880 majorem
2392 1795 2700 1881 injuriam

491 1896 917 1982 Reipublicae
972 1895 1192 1959 facere
1241 1913 1375 1958 non
1428 1899 1780 1980 potuisset,
1831 1917 2028 1980 quam
2073 1898 2256 1981 quod
2307 1917 2456 1962 eum
2497 1896 2702 1961 talem

488 2000 697 2067 filium
725 1995 1078 2081 genuerat?
1164 1996 1472 2082 Subjieit,
1504 2018 1578 2062 se
1611 2004 1632 2032 ‘
1663 2018 1797 2063 non
1823 2000 2066 2084 exequi
2095 2004 2306 2085 siqua
2325 2002 2395 2064 in
2421 1999 2703 2084 pueritia

493 2105 847 2186 peccasset
886 2098 1264 2175 Sanustius,
1293 2117 1375 2161 ne
1412 2105 1752 2182 parentem
1792 2100 1940 2185 ejus
1984 2116 2301 2166 accusare
2346 2100 2701 2179 videretur,

491 2202 611 2287 qui
657 2220 739 2267 eo
789 2207 1085 2284 tempore
1138 2216 1463 2264 summam
1522 2201 1667 2286 ejus
1713 2206 2111 2284 potestatem
2160 2200 2431 2266 habuit?
2518 2198 2698 2279 Quae

492 2305 698 2369 verba
744 2302 908 2368 satis
953 2299 1331 2378 ostendunt,
1363 2304 1609 2382 probra
1649 2305 1830 2368 nulla
1868 2305 1936 2368 in
1982 2304 2309 2370 Historici
2336 2304 2544 2367 nostri
2581 2314 2704 2387 pa*

492 2410 709 2469 rentes
753 2409 909 2467 tunc
957 2403 1277 2484 temporis
1311 2401 1544 2484 jacta3
1588 2423 1801 2487 neque
1842 2407 2016 2469 en‘nn
2045 2408 2141 2471 iis
2169 2405 2518 2471 vehemens
2564 2404 2708 2471 De-

496 2505 841 2571 clamator·
856 2505 1286 2588 pepercisset,
1331 2508 1407 2569 ut
1463 2503 1776 2571 Sallustii
1813 2509 2176 2591 nequitiam
2222 2506 2710 2572 credibiliorem

493 2605 812 2671 redderet.

583 2706 930 2771 Plebeiam
952 2705 1100 2790 ejus
1128 2706 1469 2787 familiam,
1490 2729 1624 2775 non
1635 2714 2012 2795 patriciam,
2032 2720 2105 2779 ut
2129 2715 2424 2780 nonnulli
2445 2715 2708 2794 volunt,

492 2810 705 2875 tuisse
750 2808 985 2892 liquet,
1028 2829 1117 2873 ex
1160 2830 1241 2874 eo
1276 2810 1456 2893 quod
1503 2811 1841 2879 Tribunus
1888 2814 2115 2880 Plebis
2159 2817 2515 2897 fuerit31ac
2545 2826 2710 2882 sarie

496 2911 788 2995 ubique'
769 2929 837 2974 m
863 2910 1123 2975 nobiles
1152 2911 1502 2989 invehitur,
1531 2932 1613 2977 ac
1657 2918 2052 2997 praesertim
2067 2918 2136 2981 in
2180 2919 2485 2984 Historia
2529 2919 2743 3009 Belli-

493 3012 898 3095 Jugurthini,
928 3016 995 3075 et
1038 3012 1405 3095 posteriore
1451 3013 1760 3097 Epistola
1798 3017 1885 3081 ad
1933 3015 2013 3081 C.
2047 3018 2389 3083 Caesarem
2434 3018 2517 3083 de
2564 3019 2711 3085 Re·-

496 3113 768 3197 pnblica
801 3112 1208 3179 Ordinanda.
2615 3154 2624 3169 .-

580 3213 649 3278 A
677 3215 917 3283 teneris
947 3216 1141 3279 annis
1168 3217 1502 3283 excultam
1527 3220 1999 3304 eloquentiam,
2031 3228 2097 3287 et
2129 3242 2403 3307 operam
2431 3222 2710 3305 diligen-

496 3321 631 3381 tem
671 3315 878 3381 literis
909 3335 953 3380 a
980 3316 1300 3382 Sallustio
1328 3318 1580 3399 datam,
1617 3324 1785 3386 satis
1828 3323 2178 3387 ostendunt
2218 3325 2363 3410 ejus
2413 3325 2706 3406 scripta3

494 3434 712 3500 neque
739 3417 911 3481 enim
939 3418 1038 3483 ita
1064 3420 1385 3499 scribunt,
1416 3424 1535 3505 qui
1561 3426 1776 3489 serius
1806 3444 1954 3489 sese
1981 3424 2069 3490 ad
2113 3426 2450 3491 literarum
2479 3426 2710 3491 stadia

497 3517 929 3584 contulerunt.
990 3519 1160 3584 Ideo
1185 3521 1385 3586 fidem
1409 3526 1474 3588 ei
1503 3525 1770 3589 minime
1799 3526 2195 3593 detraxerim
2223 3526 2466 3589 dicenti
2489 3526 2708 3610 Epist.

500 3636 587 3689 ιι.
627 3621 713 3685 ad
755 3619 1095 3688 Caesarem
1141 3626 1163 3656 ‘
1186 3631 1543 3707 postquam
1582 3628 1714 3692 sibi
1756 3634 1945 3707 aetas,
1988 3630 2449 3712 ingeniumque
2478 3630 2710 3696 adole·—

496 3723 724 3803 visset,
755 3742 829 3787 se
855 3723 1032 3789 haud
1063 3725 1263 3790 ferme
1308 3729 1511 3793 armis
1546 3735 1746 3814 atque
1786 3734 1980 3814 equis
2016 3750 2261 3813 corpus
2298 3733 2708 3813 exercuisse,

499 3823 621 3890 sed
644 3824 934 3890 animum
962 3827 1032 3891 in
1058 3826 1263 3892 literis
1292 3831 1623 3912 agitasse3
1666 3839 1754 3910 et,
1782 3831 1963 3914 quod
1994 3840 2230 3897 natura
2264 3832 2512 3897 firmius
2540 3840 2708 3913 erat,

496 3926 826 4015 ingenium
852 3928 920 3991 in
943 3927 1288 3995 laboribus
1313 3931 1672 4005 habuisse.'
1738 3932 1875 3997 Sed
1902 3933 2123 3999 ethos
2153 3933 2399 4001 diserte
2429 3939 2705 4002 testam

1376 4155 1402 4204 1
1437 4150 1504 4207 A·
1530 4153 1592 4204 C.
1614 4166 1818 4206 cxxxv.
