2984 4892
1215 787 1333 868 {N
1371 791 2049 870 SALLUSTmM

761 1083 2520 1263 DECLAMATIO

1549 1447 1719 1508 Qum

912 1669 1377 1739 CICERONI
1425 1673 1728 1740 FALSO
1774 1670 2348 1740 TRIBUITUR.

531 2302 669 2393 ΕΛ
701 2328 966 2393 demum
992 2348 1232 2414 magna
1257 2330 1573 2416 voluptas
1603 2338 1731 2412 est,
1781 2330 2021 2416 Crispe
2065 2330 2366 2410 Sallusti,
2399 2333 2744 2417 aequalem

534 2449 615 2494 ac
653 2448 881 2513 parem
922 2431 1140 2496 verbis
1186 2431 1393 2497 vitam
1439 2453 1656 2516 agere,
1693 2453 1903 2517 neque
1949 2434 2306 2519 quicquam
2331 2438 2468 2498 tam
2499 2435 2746 2501 obsce-

525 2550 683 2598 num
710 2531 951 2609 dicere,
983 2532 1092 2597 cui
1120 2553 1249 2598 non
1272 2535 1360 2599 ab
1389 2536 1578 2600 initio
1600 2536 1901 2620 pueritiae
1934 2537 2115 2601 omni
2144 2555 2377 2620 genere
2403 2536 2741 2601 facinoris

529 2625 695 2697 aetas
752 2638 868 2698 tua
911 2635 1331 2718 respondeat,
1389 2642 1461 2701 nt
1506 2638 1719 2701 omnis
1765 2639 1982 2702 oratio
2030 2637 2325 2702 moribus
2382 2643 2742 2702 consonet.

532 2734 769 2821 Neque
797 2737 990 2814 enim,
1022 2738 1138 2820 qui
1165 2739 1259 2802 ita
1282 2739 1468 2817 vivit,
1499 2740 1599 2806 uti
1626 2744 1721 2818 tu,
1750 2739 1956 2818 aliter,
1987 2758 2069 2804 ac
2098 2747 2194 2817 tu,
2239 2739 2428 2823 loqui
2475 2744 2748 2823 potest:

524 2858 758 2924 neque,
816 2841 930 2924 qui
982 2845 1117 2905 tam
1168 2839 1357 2906 illoto
1411 2861 1713 2907 sermone
1760 2842 1989 2920 utitur,
2044 2841 2185 2906 vita
2231 2841 2570 2905 honestior
2611 2846 2742 2907 est.

528 2940 687 3022 Quo
714 2961 822 3006 me
846 2947 1121 3016 vertam,
1150 2941 1232 3006 P.
1266 2941 1396 3008 ΟΛ
1441 2943 1613 3007 unde
1651 2943 1908 3008 initium
1945 2942 2252 3006 sumam?
2297 2943 2520 3025 majus
2561 2942 2740 3005 enim

525 3044 689 3109 mihi
709 3043 973 3108 dicendi
993 3063 1158 3109 onus
1184 3044 1562 3128 imponitur,
1581 3063 1713 3128 quo
1730 3046 1945 3110 notior
1973 3051 2077 3109 est
2101 3052 2373 3128 uterque
2404 3053 2736 3109 nostrum.

527 3143 732 3222 Quod
761 3145 822 3209 si
852 3151 968 3209 aut
1020 3144 1103 3209 de
1148 3165 1301 3210 mea
1342 3147 1504 3225 vita,
1542 3150 1739 3232 atque
1780 3149 2065 3225 actibus,
2104 3145 2260 3211 huic
2296 3145 2740 3210 conviciatori

520 3245 944 3330 respondero,
966 3247 1222 3311 invidia
1245 3247 1524 3330 gloriam
1552 3253 2021 3331 consequetur:
2050 3252 2191 3323 aut,
2215 3247 2273 3312 si
2302 3246 2504 3330 hujus
2524 3244 2738 3324 facta,

520 3365 762 3425 mor-ee,
794 3367 1055 3413 omnem
1105 3354 1369 3415 aetatem
1421 3350 1778 3428 nudavero,
1808 3352 1873 3413 in
1925 3349 2104 3414 idem
2150 3349 2380 3414 vitium
2432 3347 2736 3411 incidam

520 3450 980 3531 procacitatiS,
1012 3450 1194 3534 quod
1222 3450 1379 3515 huic
1406 3450 1678 3535 objicio.
1724 3449 1809 3514 Id
1837 3468 1985 3528 voS,
2017 3450 2077 3513 si
2101 3449 2262 3513 forte
2289 3446 2735 3525 offendimini,

514 3548 764 3632 justius
808 3550 986 3628 huic,
1037 3570 1240 3633 quam
1290 3549 1474 3628 mihi,
1523 3543 1910 3614 succensere
1965 3550 2244 3626 debetis»,
2293 3547 2412 3632 qui
2465 3548 2732 3613 initium
2785 3533 2813 3547 ⁸

518 3648 934 3718 introduxit.⁸
1017 3650 1164 3734 Ego
1192 3652 1368 3716 dabo
1398 3670 1691 3735 operam,
1723 3655 1799 3715 ut
1837 3656 1905 3714 et
1951 3670 2075 3735 pro
2119 3669 2227 3714 me
2261 3649 2540 3714 minimo
2573 3668 2738 3713 cum

1512 3813 1730 3866 NOTAE

581 3934 605 3962 ⁸
638 3928 840 3979 Initium
858 3928 1151 3994 introduxit]
1172 3929 1421 3981 Queritur
1437 3936 1574 3979 uter·
1655 3927 1796 3991 dam,
1812 3926 2207 3977 declamationes
2220 3926 2345 3976 istas
2365 3941 2398 3975 a
2413 3923 2730 3990 quibusdam

518 4017 637 4069 que,
669 4010 726 4053 et
765 4004 1041 4054 Sallustius
1084 4010 1140 4054 et
1177 4004 1381 4067 Cicero,
1417 4004 1574 4070 quod,
1657 4003 2105 4055 Declamatoribus
2127 4002 2347 4067 scriptas
2374 4008 2598 4065 tantum,
2619 4014 2729 4050 non

519 4078 615 4130 sibi
652 4079 718 4131 ab
758 4082 923 4130 altero
969 4081 1157 4144 injuria
1198 4082 1392 4143 oblata,
1431 4082 1576 4144 prior
1657 4081 1906 4131 recitatas
1925 4080 2103 4132 fuisse.
2165 4078 2271 4130 sed
2298 4092 2363 4129 es
2390 4077 2461 4128 de
2504 4091 2582 4140 re,
2614 4077 2730 4141 qui-

516 4156 782 4207 lseeuitus
800 4155 989 4206 fuerit:
1025 4156 1163 4221 quod
1182 4156 1410 4221 quidem,
1444 4170 1576 4220 pre·
1657 4158 1753 4207 bus
1793 4165 1999 4209 tantum
2041 4157 2145 4209 erit
2182 4155 2298 4221 otii,
2333 4154 2478 4206 docti
2514 4154 2723 4220 judiea-

519 4237 603 4282 ιιι·
631 4231 749 4299 alia,
786 4246 872 4283 me
912 4233 1135 4286 maxime
1169 4241 1343 4286 movet
1373 4241 1433 4285 ut
1469 4246 1579 4285 cre·
1657 4234 1805 4286 bunt.
