2984 4892
817 408 1127 460 sennua
1171 408 1556 460 suenum.
1639 409 1809 462 oar.
1852 391 1966 457 14.

278 553 533 620 burgense
569 555 703 604 clade
740 551 1011 605 auferendi
1045 563 1186 604 casu.
1226 553 1338 604 niv.

340 632 599 683 Ina-uem
619 632 741 696 acti]
777 635 917 685 Quin
940 632 1005 682 de
1023 633 1160 682 omni
1185 647 1339 682 eruce

276 707 373 760 dici
398 710 561 773 possit
581 711 739 759 altam
760 708 950 768 fui=se;
994 717 1048 760 et
1089 709 1338 758 sublimes

274 786 605 849 pependisse,
663 787 749 850 qni
820 783 960 835 affixi
1023 784 1141 834 liuic
1200 786 1337 848 ligno

274 871 442 923 erant,
465 877 565 910 non
598 871 681 912 est
713 862 945 912 dubium.
1013 863 1149 913 Nam
1172 869 1225 912 et
1250 877 1337 911 uo-

272 946 450 991 centes
468 939 518 988 in
542 953 749 989 crucem
767 940 899 1000 tolli,
918 939 1077 988 levari
1092 938 1337 988 diceban-

272 1022 378 1077 tur,
411 1023 501 1065 aut
523 1018 683 1066 etiam
705 1031 817 1066 eam
846 1016 1146 1065 inscendo-re
1183 1022 1235 1063 et
1257 1030 1337 1064 as·

273 1092 514 1144 tendere.
579 1093 683 1142 Sed
709 1092 795 1156 qui
829 1092 1039 1156 putabit
1068 1106 1246 1141 onmes
1271 1092 1338 1142 ad

274 1184 429 1220 uuum
468 1172 736 1233 exemplar
767 1176 972 1219 erectas
1004 1167 1183 1226 fuisse,
1214 1183 1339 1217 saue

271 1248 544 1295 erraverit.
612 1246 867 1295 sublimes
911 1253 1062 1294 extra
1104 1246 1339 1296 ordinem

274 1323 463 1387 aitquae
515 1322 882 1373 statuebantur
923 1340 936 1372 ε
1004 1324 1048 1372 si
1100 1325 1341 1386 exempla

272 1400 480 1452 edenda
522 1398 697 1450 forent
752 1402 811 1450 in
856 1399 1053 1450 taiuosa
1101 1415 1340 1464 persona,

271 1483 329 1526 et.
363 1476 435 1527 ob
479 1483 629 1527 atrox
668 1474 891 1536 facinus,
931 1483 1021 1528 aut
1042 1477 1085 1525 si
1107 1477 1205 1526 hoc
1224 1491 1340 1540 sup·

269 1554 424 1617 plicio
472 1555 674 1604 veniret
718 1551 1016 1604 afficiendus
1055 1554 1164 1614 ille,
1196 1555 1341 1620 cujus

269 1630 443 1680 odium
466 1638 601 1680 esset
624 1631 760 1696 apud
795 1645 972 1680 omnes
1009 1628 1340 1696 flagrantissi-

270 1717 428 1768 mum,
443 1714 534 1758 aut
558 1719 874 1772 quacunque
891 1707 990 1757 alia
1013 1722 1169 1758 causa
1179 1708 1233 1757 id
1250 1706 1338 1758 fla·

268 1785 483 1847 gitaret.
570 1786 813 1835 Ceterum
869 1785 1111 1849 vulgares
1155 1801 1337 1836 cruces

269 1876 369 1912 non
387 1862 663 1912 admodum
686 1862 817 1912 altas
850 1859 1024 1924 fuisse,
1057 1876 1123 1911 ex
1146 1878 1336 1927 suppe-

266 1938 457 2000 daneo,
480 1939 617 2004 quod
655 1938 939 1997 habebant,
961 1938 1009 1990 si
1037 1940 1334 2001 habuerint,

266 2018 475 2068 ostendi
516 2027 705 2083 potest.
774 2020 893 2070 Non
948 2021 1085 2069 euim
1131 2020 1335 2084 apposi-

269 2104 378 2147 tum
428 2097 527 2146 illis
562 2097 971 2161 suppedaneum,
1009 2105 1064 2145 ut
1095 2096 1337 2147 cruciarii

267 2184 463 2236 corpus
483 2174 537 2222 iu
558 2174 651 2223 illo
677 2173 895 2237 pedibus
915 2174 1148 2224 sistentia
1170 2173 1338 2237 requi·

265 2256 492 2313 esceret,
524 2259 581 2300 et
603 2250 750 2314 quasi
770 2250 1133 2310 sustineretur,
1150 2255 1210 2298 ut
1229 2250 1336 2297 vnl-

264 2338 329 2388 ιο
346 2339 653 2390 persuasum
683 2327 852 2377 doctis
875 2340 987 2376 esse
1010 2325 1183 2375 video.
1250 2324 1337 2376 Ad

267 2403 362 2456 boc
407 2406 547 2455 enim
592 2410 900 2468 suppactum
942 2402 1063 2464 fuit,
1094 2403 1137 2452 si
1165 2411 1337 2452 tamen

264 2483 382 2545 fuit,
420 2483 665 2533 crucibus
707 2479 971 2544 ὑποτόοιρν,
1006 2489 1065 2530 ut
1108 2479 1243 2543 pede
1284 2480 1338 2529 iu

269 2577 331 2612 eo
354 2560 530 2626 posito
551 2559 830 2610 cruciarius
843 2558 1008 2622 possit
1030 2556 1340 2610 inscendere

266 2655 358 2705 per
376 2654 456 2703 se,
473 2647 530 2689 et
548 2639 739 2694 liguum
764 2631 932 2702 qu'od‘
918 2650 970 2684 m
989 2635 1161 2684 medio
1178 2633 1339 2684 fixum

265 2725 379 2768 erat
427 2716 676 2775 insidere,
710 2715 895 2765 eodem
941 2726 1147 2777 prorsus
1170 2709 1341 2770 modo,

267 2810 369 2860 quo
392 2808 555 2860 eques
578 2793 715 2857 pede
752 2789 958 2856 stapedi
998 2788 1240 2854 imposito
1273 2788 1339 2837 ad

264 2870 638 2924 sublevandum
686 2884 762 2933 se,
808 2881 995 2956 equum
1052 2865 1339 2917 adscendit.

269 2949 498 3000 medium
534 2947 709 3011 itaque
748 2945 918 2996 crucis
952 2945 1164 3008 lignum,
1201 2941 1340 3007 quod

267 3024 533 3075 eminebat
547 3038 613 3073 ex
635 3022 893 3072 anteriore
918 3028 1088 3084 parte,
1108 3019 1229 3084 equi
1249 3020 1341 3083 lig-

270 3102 355 3152 nei
390 3102 560 3151 vicem
596 3098 794 3162 babuit,
821 3095 1340 3163 quod‘inscendebat‚

268 3185 325 3229 et
390 3176 667 3243 equitabat
725 3174 1018 3225 cruciarius.
1075 3173 1229 3223 Unde
1284 3181 1340 3222 et

267 3256 557 3321 ἆποχεῖσθαι
575 3268 637 3303 eo
671 3253 807 3303 dixit
843 3250 1145 3302 crucifixum
1179 3250 1340 3302 ,lusti-

266 3348 361 3384 nus
387 3334 444 3382 in
466 3330 761 3395 Tryphonis
782 3329 1007 3392 dialogo.
1074 3326 1137 3376 In
1155 3340 1219 3376 eo
1240 3326 1337 3390 lig-

265 3426 331 3460 no
366 3408 532 3458 veluti
576 3405 912 3456 subsidebant
962 3410 1076 3454 toto
1116 3417 1336 3468 corpore

268 3483 566 3546 sustentati,
599 3480 875 3546 quiaillud
908 3480 1114 3530 natibus
1135 3494 1335 3544 preme·

269 3563 415 3625 baut,
448 3560 688 3610 cruribus
730 3558 851 3608 hinc
892 3557 1015 3607 inde
1057 3557 1334 3621 pendulis:

267 3637 486 3687 bominis
531 3643 704 3684 autem
743 3634 819 3682 ita
863 3632 1179 3683 subsidentis
1223 3632 1334 3682 bra-

266 3714 383 3765 ebia
402 3714 643 3778 utrinque
660 3725 910 3776 expansa,
926 3711 990 3761 ad
1015 3711 1142 3761 duas
1159 3710 1336 3760 latitu-

269 3791 403 3841 dinis
440 3802 617 3855 partes
662 3798 922 3838 extremas
962 3787 1338 3850 deligabantur,

272 3871 432 3920 clavis
457 3871 615 3919 etiam
639 3865 829 3917 affixa:
860 3867 1021 3930 pedes
1054 3866 1107 3915 in
1130 3866 1234 3914 ima
1251 3879 1337 3914 ex·

267 3947 534 3997 tremitate
548 3944 880 4009 longitudinis
890 3942 1269 4005 vinciebantur,
1281 3947 1338 3991 et

271 4023 431 4074 clavis
466 4015 891 4084 configebantur:
926 4027 1086 4084 eaput
1127 4020 1340 4069 reclina-

273 4109 380 4150 tum
402 4099 691 4148 habebatur
724 4097 791 4147 ad
821 4101 1206 4147 extremitatem
1226 4096 1339 4145 lou·

272 4176 518 4241 gitudiuis
551 4181 831 4224 summam:
887 4188 983 4223 nec
1026 4174 1069 4223 is
1118 4173 1339 4238 pedibus

274 4254 545 4306 inistebst
608 4252 961 4318 suppedaneo,
1014 4250 1154 4317 quod
1208 4250 1343 4301 falso

273 4332 542 4400 imaginati
575 4338 716 4386 sunt.
779 4330 966 4382 Tribus
986 4337 1162 4382 autem
1180 4330 1343 4395 parti·

1412 554 1513 604 bus
1554 560 1669 605 tota
1709 565 1839 604 crux
1878 553 2176 615 constabat,
2203 553 2487 606 arrectario

1414 631 1572 691 ligno.
1627 631 1734 680 sive
1790 631 1989 694 stipite,
2042 633 2149 682 sive
2206 635 2344 696 palo,
2397 631 2487 698 qui

1412 717 1592 760 erecta
1613 709 1836 758 statione
1861 709 1913 757 in
1935 716 2125 758 terram
2143 708 2485 764 detinebatur.

1412 786 1717 836 staticulum
1741 792 1794 834 et
1818 791 2079 836 statumen
2102 786 2336 849 appellat
2359 787 2487 837 Ter-

1414 864 1676 914 tullianus.
1721 862 1851 912 Haec
1872 863 2135 926 proecipna
2159 878 2276 924 pars
2295 862 2490 928 crucis,

1412 941 1530 989 sive
1564 941 1750 1005 major,
1785 940 1905 1002 quia
1940 939 2138 997 longior
2171 949 2240 994 ek
2258 940 2486 991 densior.

1412 1014 1600 1066 Altera
1656 1030 1774 1078 pars
1826 1016 2194 1064 transversaria
2235 1024 2330 1075 est,
2365 1023 2484 1080 qnae

1414 1092 1532 1142 ideo
1565 1100 1790 1142 antenna
1825 1092 2138 1155 appellatur,
2173 1107 2290 1141 nam
2311 1107 2486 1143 arrec-

1416 1169 1549 1222 taria
1568 1170 1686 1218 mali
1715 1169 1881 1218 instar
1911 1168 2088 1230 babet,
2113 1170 2488 1221 transversaria

1414 1252 1672 1295 antenna’.
1741 1245 1874 1294 Haec
1916 1260 2036 1308 pars
2081 1246 2325 1309 dispessis
2372 1247 2486 1299 bra·

1413 1322 1540 1372 chiis
1582 1321 1823 1371 cruciarii
1864 1330 1919 1371 et
1955 1323 2180 1387 alligatis
2201 1325 2345 1389 quasi
2377 1340 2490 1376 ves-

1414 1401 1516 1450 tita
1537 1409 1669 1450 erat.
1735 1403 1868 1454 Quae
1908 1401 2110 1452 directa
2147 1403 2489 1468 defigebatur,

1417 1483 1582 1526 totum
1647 1490 1836 1541 corpus
1903 1479 2197 1529 sustinebat
2265 1487 2484 1531 rectum.

1413 1552 1586 1601 Tertia
1605 1550 1704 1602 fnit
1725 1553 1910 1614 sedile,
1933 1553 1985 1602 id
2011 1561 2111 1616 est,
2134 1557 2324 1617 lignum
2346 1555 2486 1621 quod

1413 1642 1443 1677 a
1469 1629 1640 1678 medio
1673 1630 1921 1680 staticulo
1958 1631 2063 1679 sive
2095 1633 2276 1696 stipite
2312 1632 2481 1686 crucis

1414 1712 1595 1755 erecto
1617 1706 1901 1768 eminebat,
1922 1708 2004 1757 cui
2030 1708 2287 1758 insidebat
2316 1709 2483 1759 cruci-

1412 1785 1566 1834 arius.
1633 1786 1852 1835 Crucem
1876 1785 2090 1835 similem
2125 1801 2240 1836 esse
2260 1787 2374 1837 Tau
2397 1783 2485 1837 Sa·

1414 1863 1668 1911 maritano
1691 1877 1755 1912 ex
1779 1863 2004 1925 Origene
2030 1864 2193 1914 tradit
2226 1865 2484 1931 Hierony·

1412 1953 1551 1988 mus:
1589 1940 1835 2003 AEgyptio
1859 1939 2033 1990 forsan
2054 1940 2286 2003 Salebdi,
2305 1941 2483 1992 dicere

1413 2018 1596 2078 voluit,
1633 2020 1714 2068 vel
1746 2019 1874 2068 Tavi
1908 2020 2073 2069 litem
2098 2017 2483 2082 Abyssinorum.

1414 2096 1737 2160 Appendicis
1775 2096 1890 2145 loco
1917 2103 2162 2147 censetur
2179 2094 2340 2146 fuisse
2363 2112 2484 2162 sup·

1412 2173 1721 2237 pedaneum.
1788 2173 1892 2222 Sed
1928 2171 1993 2222 de
2028 2187 2091 2222 eo
2121 2173 2314 2226 merito
2331 2173 2480 2225 dubi·

1412 2255 1572 2310 tatur,
1623 2264 1738 2299 cum
1775 2250 1918 2299 nulla
1954 2250 2067 2313 ejus
2105 2250 2240 2314 apud
2280 2257 2483 2302 veteres

1411 2325 1625 2385 mentio,
1665 2325 1760 2375 n'isi
1801 2340 1895 2376 nos
1945 2327 2109 2390 Greg.
2157 2327 2481 2379 Turonensis

1413 2403 1698 2454 auctoritas
1734 2409 1959 2453 moveat.
2027 2404 2223 2453 Ultimo
2257 2410 2372 2454 erat
2401 2404 2484 2456 sti·

1414 2479 1588 2543 pei-ius
1609 2480 1789 2530 tabula
1810 2480 1930 2534 alba
1950 2479 2112 2545 nigris
2145 2481 2314 2532 literis
2337 2490 2487 2534 nota·

1415 2562 1484 2616 ta,
1503 2557 1555 2604 in
1573 2571 1675 2621 qua
1692 2572 1845 2607 caiisa
1863 2558 2044 2608 mortis
2061 2558 2482 2611 describebatur.

1416 2633 1592 2683 Graeci
1615 2631 1835 2692 λεύκωμα
1853 2633 2124 2696 dixerunt3
2166 2637 2303 2702 quod
2344 2637 2485 2688 idem

1414 2721 1515 2769 est,
1539 2715 1672 2760 teste
1696 2709 1984 2775 Hesychio,
2027 2718 2188 2777 atque
2210 2712 2388 2762 tabula
2409 2712 2483 2761 al-

1416 2785 1500 2835 ba.
1533 2785 1737 2835 Salmas.

1480 2861 1626 2914 Nm
1658 2876 1766 2911 vero
1803 2863 1938 2912 exsul
1961 2862 2143 2926 putria,
2164 2864 2316 2926 domo,
2335 2864 2478 2925 solus,

1413 2946 1556 3005 atque
1592 2940 1799 2989 omnium
1823 2955 1982 2989 rerum
2002 2940 2304 2990 honestarum
2321 2955 2482 3004 egens,

1412 3031 1506 3080 quo
1543 3016 1779 3078 accedam,
1805 3020 1890 3064 mut
1920 3030 2031 3078 quos
2051 3014 2298 3079 appellem]
2363 3015 2477 3066 Ma-

1413 3093 1915 3156 nuscriptum,otque
1950 3091 2158 3140 omum
2187 3091 2490 3144 honestarum

1412 3187 1555 3235 egens
1572 3186 1747 3221 rerunt.
1780 3171 1848 3222 Et
1872 3170 1987 3235 quis
2002 3170 2211 3219 accidant
2227 3169 2327 3219 hoc
2347 3168 2484 3232 loco,

1414 3264 1537 3312 non,
1570 3250 1788 3299 accedam
1823 3249 1997 3311 legat:
2056 3246 2212 3312 idque
2244 3260 2310 3296 ex
2341 3260 2482 3298 cont·

1413 3328 1679 3380 menteriis
1703 3327 1754 3376 in
1782 3325 2081 3377 Terentium
2119 3324 2335 3375 Donati.
2399 3322 2484 3376 Ac

1412 3407 1543 3457 citat
1584 3407 1791 3471 quidem
1838 3406 1890 3455 in
1936 3405 2203 3467 Hecyram
2241 3405 2486 3454 Donatus

1411 3485 1580 3546 locum
1601 3484 1834 3534 Sallustii
1855 3482 2136 3548 quendam,
2157 3483 2244 3532 ubi
2276 3482 2318 3531 is
2341 3481 2487 3531 dixe-

1410 3563 1498 3620 rit,
1519 3563 1534 3588 ‘
1559 3562 1676 3613 Qua
1693 3561 1946 3621 occidam,
1965 3567 2057 3610 aut
2076 3559 2237 3625 quos,’
2267 3558 2360 3609 sed
2377 3572 2485 3609 non

1409 3636 1546 3688 hunc
1566 3637 1750 3701 opinor
1766 3653 1796 3686 e
1817 3637 1956 3687 bello
1988 3636 2323 3700 Jugurthino.
2375 3635 2485 3685 Ita-

1410 3729 1511 3780 que
1554 3715 1835 3764 lectionem
1878 3716 2141 3779 vulgatam
2189 3714 2486 3778 relinquen·

1412 3793 1530 3843 dam
1555 3801 1698 3857 puto.
1766 3793 2009 3842 Ceterum
2046 3792 2281 3856 appellare
2310 3790 2395 3840 bic
2417 3804 2485 3840 eo

1412 3871 1569 3935 plane
1605 3870 1758 3919 modo
1782 3869 2059 3933 accipitur,
2092 3881 2193 3932 quo
2228 3867 2367 3931 apud
2393 3866 2484 3917 Ci-

1412 3960 1677 4008 ceronem,
1696 3960 1812 3996 cum
1839 3946 1946 3994 ait:
1992 3944 2009 3972 ⁶
2035 3946 2205 3997 Quem
2229 3942 2365 3991 enim
2389 3941 2481 3991 ali-

1414 4037 1500 4072 um
1525 4022 1817 4086 appellem?
1851 4036 2004 4086 quem
2024 4019 2293 4070 obtester?
2326 4033 2482 4084 quem

1414 4100 1683 4165 implorem
1703 4098 1739 4148 ?'
1811 4106 1885 4162 et,
1926 4098 1943 4127 ‘
1969 4098 2075 4147 Vos
2115 4097 2274 4145 etiam
2316 4102 2484 4161 atque

1413 4179 1573 4228 etiam
1585 4179 1653 4227 im
1661 4179 1808 4241 ploro
1824 4183 1981 4240 atque
1998 4174 2205 4238 appello
2221 4172 2482 4224 sanctissi-

1415 4272 1516 4307 mae
1560 4254 1711 4306 deae!
1798 4254 1953 4316 lte-1,
1992 4251 2011 4281 ‘
2036 4251 2180 4304 Quid
2222 4248 2484 4314 agendum

1415 4335 1534 4386 est?
1588 4333 1677 4401 qul
1721 4333 1865 4385 Deus
1908 4327 2285 4398 appellandus?
2327 4326 2490 4392 eujus
