2984 4892
829 380 942 431 ΒΡ.
973 378 1038 431 J.
1086 383 1185 433 DE
1231 382 1927 442 Rur.·olu>1NANDA.

239 520 480 652 'mm
503 523 592 589 pol
613 522 726 589 ipse
746 523 897 591 fingit
915 521 1177 578 fortunam
1199 525 1337 579 sibi?

273 670 732 746 mmmm]
798 680 994 733 Omnes
1020 682 1161 746 libri,
1199 683 1336 733 Pm-

264 772 473 831 gressus.
511 759 712 812 Carrio.
751 792 757 797 -

297 837 430 888 Uei
458 837 593 901 prins
607 837 778 898 defessi
797 838 896 890 sint
915 838 1122 888 nomm
1140 840 1337 889 lauan-

266 913 481 976 deferta
501 913 609 977 tau]
642 915 759 965 Sic
746 930 799 964 ιιι
818 916 1057 980 sequenti
1072 916 1337 979 Epistola.

267 989 460 1050 ‘Quod
501 991 644 1055 prius
694 989 886 1041 defessi
940 998 1061 1039 sunt
1113 989 1344 1042 homiues

268 1066 531 1119 laudando
584 1075 744 1134 atque
777 1067 1089 1119 ‘admirando
1143 1066 1342 1118 munifi·

274 1145 502 1197 centiam
524 1151 686 1208 tuam,
704 1159 860 1211 quam
881 1152 941 1196 tu
962 1143 1204 1197 faciendo
1226 1158 1344 1210 qnae

271 1221 438 1288 gloria
459 1223 615 1286 digna
637 1220 842 1272 essent?
880 1222 1100 1271 ciaccou.
1171 1256 1177 1269 .

273 1346 288 1355 ,
347 1299 437 1349 Uti
467 1297 740 1362 fabricata]
805 1298 1028 1347 Videtur
1073 1252 1347 1348 Sallustius

274 1377 549 1444 paullatim
588 1377 643 1427 id
661 1389 854 1441 agere
885 1381 945 1426 ut
978 1365 1235 1427 caesarem
1259 1374 1347 1425 ad·

273 1455 437 1507 ducat
471 1456 540 1504 ad
578 1454 913 1506 ordinandam
954 1454 1102 1507 novis
1147 1454 1348 1519 legibus

275 1534 770 1600 Rempublicam,·et
799 1533 1009 1599 quidem
1031 1533 1347 1583 necessario.

275 1608 383 1661 Hae
421 1610 557 1660 enim
592 1608 765 1659 anima
801 1615 924 1660 sunt
960 1609 1204 1662 civitatis.
1273 1610 1350 1660 Ut

275 1702 504 1754 corpora
525 1696 702 1741 nostra
724 1688 832 1738 sine
856 1695 1048 1754 mente,
1067 1688 1144 1740 sic
1166 1690 1351 1740 civitas

276 1766 394 1818 sine
424 1767 544 1832 lege
579 1768 685 1818 suis
723 1765 960 1832 partibus
980 1781 1042 1819 ac
1066 1770 1256 1833 nervis,
1289 1784 1350 1820 ac

276 1846 531 1910 sanguine
551 1844 629 1895 uti
665 1847 766 1895 nori
799 1850 1006 1908 potest:
1039 1847 1114 1897 ait
1137 1847 1215 1896 M.
1236 1848 1353 1897 Tul-

276 1920 398 1979 lius,
423 1920 477 1973 in
515 1936 580 1972 ea
616 1935 714 1987 pro
755 1921 1017 1973 Cluentio.
1053 1922 1192 1987 qnod
1229 1938 1353 1973 sane

273 1998 510 2063 dixit-ad
543 1998 884 2051 imitationem
922 1999 1004 2049 sui
1043 2000 1355 2053 Demosthe-

277 2074 493 2142 nis‚qui
513 2075 791 2141 scripserat
823 2074 1011 2137 πόλεως
1045 2076 1205 2141 ψυχὴν
1239 2074 1354 2127 εἶναι

277 2150 396 2201 τοὺς
415 2149 597 2213 νόμους.
661 2151 829 2203 Plane
852 2154 920 2203 ad
951 2153 1083 2204 hanc
1122 2153 1356 2205 Sallustii

278 2235 516 2289 mentem
550 2229 677 2279 illud
714 2229 910 2280 Valerii
948 2231 1092 2281 Max.
1128 2229 1352 2282 dictum:

280 2304 306 2355 ‘.
326 2304 464 2358 Quid
487 2305 704 2370 prodest
724 2304 850 2365 foris
874 2321 987 2358 esse
1009 2313 1292 2368 strenuum,
1314 2309 1358 2359 si

278 2382 427 2432 domi
483 2383 618 2432 male
679 2382 913 2434 vivitur?
979 2385 1359 2451 Expugnentur

274 2459 416 2522 ‚licet
467 2457 622 2508 urbes
648 2474 666 2520 ς
733 2459 1085 2524 corripiantur
1143 2470 1358 2528 gentes3

279 2537 465 2601 regnis
508 2551 688 2587 manus
727 2536 1061 2602 injiciantuu
1107 2540 1207 2589 nisi
1244 2539 1360 2590 foro

276 2619 346 2685 'et
386 2613 546 2665 curiae
580 2611 809 2673 officium
848 2628 911 2665 ac
934 2617 1249 2675 verecundia
1271 2630 1362 2669 sua

277 2690 606 2754 constiterit,
621 2697 894 2756 partarum
925 2706 1097 2744 rerum
1120 2695 1254 2745 coelo
1273 2710 1364 2746 cu-

277 2768 460 2826 mulus
500 2775 737 2834 aquatus
774 2770 952 2821 sedem
987 2773 1226 2824 stabilem
1262 2788 1364 2825 non

281 2842 544 2897 habebit!
591 2846 781 2898 Carrio.
863 2862 869 2867 ·

279 2968 294 2978 ,
359 2924 433 2972 Et
474 2924 691 2987 quumvis
729 2924 892 2989 bonas,
932 2931 1091 2991 atque,
1128 2928 1280 2991 aaa]
1302 2927 1368 2978 ld

287 3008 406 3053 est:
443 3003 579 3054 Quia
603 3002 680 3052 illi
700 3004 854 3068 copia
875 3012 960 3055 est
995 3006 1132 3055 male
1170 3005 1370 3056 faciun-

285 3078 370 3141 di,
403 3079 508 3143 vel,
539 3080 661 3144 quia
696 3080 750 3130 in
788 3095 943 3130 manu
982 3083 1095 3146 ejus
1131 3090 1369 3147 potestas

281 3155 416 3221 ‘plus
440 3162 634 3219 potest,
652 3156 961 3219 clemensn'e,
995 3174 1062 3208 an
1091 3159 1368 3223 Tyrannus

287 3246 409 3283 esse
442 3233 591 3295 velit,
627 3234 747 3284 ideo
785 3235 1054 3300 metuitur,
1091 3251 1196 3286 non
1234 3251 1370 3288 ama·

247 3416 254 3421 -
285 3426 296 3441 .
363 3387 428 3437 Id
441 3389 620 3452 creuit]
684 3390 840 3442 Fabri
863 3398 922 3442 et
943 3390 1214 3442 Briconeti
1238 3392 1374 3457 libri,

290 3464 599 3515 idmmit.
635 3466 834 3518 Carrio.

279 3576 296 3590 .
365 3542 649 3607 Nequius-es]
700 3542 765 3594 ld
789 3550 887 3605 est,
913 3545 1089 3596 Minus
1114 3554 1371 3612 queuntes

281 3625 394 3671 ,aut
418 3618 681 3670 valentes:
718 3618 854 3669 unde
879 3622 1100 3685 Nequam
1123 3638 1224 3673 non
1248 3622 1373 3673 dici·

281 3703 389 3747 ‚tur
433 3710 711 3760 perversus
762 3699 1222 3760 aut‚luxuriosus:
1261 3701 1372 3759 ⁴sed

253 3786 264 3795 ·
287 3773 456 3831 ‚homo
495 3772 658 3836 nihili,
696 3773 750 3821 id
785 3781 886 3833 est,
925 3777 1116 3825 nullius
1148 3777 1379 3843 virtutis,

289 3856 364 3909 *ut
387 3849 476 3913 qui
499 3850 682 3915 nequit
705 3851 999 3916 quicquam.
1033 3854 1164 3904 Bad-

271 3964 300 3979 ,,
370 3925 471 3975 Sed
502 3925 917 3988 tibiucam-evius
938 3931 1032 3995 est]
1093 3929 1207 3995 Ait,
1246 3930 1378 3982 Gra-

287 4003 423 4054 -vius
471 4018 588 4053 esse
643 4005 839 4055 Caesari
892 4008 1134 4058 ordinare
1191 4010 1377 4074 Remp.

287 4095 463 4146 .quarn
489 4079 728 4145 cuiquam
769 4098 993 4148 unquam
1033 4086 1381 4138 Romanorum

289 4158 593 4222 ‘fuerit,has
613 4160 682 4211 ob
705 4177 929 4213 caussas.
971 4164 1222 4231 Primum,
1240 4169 1379 4232 quod

305 4237 500 4288 bellum
548 4236 700 4288 nimis
749 4239 1014 4302 placidum
1066 4249 1121 4291 et
1166 4242 1381 4294 aliorum

307 4329 444 4384 pace
486 4314 693 4367 mollius
740 4318 995 4382 gesserit3
1047 4317 1190 4384 dein,
1244 4320 1382 4386 quod

2342 365 2476 441 ⁷⁴71

1410 526 1537 579 victi
1558 529 1695 580 cives
1716 528 1840 594 sint,
1859 535 1918 580 et
1937 527 2005 582 ab
2039 529 2104 582 iis
2137 528 2366 597 pmchm
2388 544 2479 598 pe·

1413 609 1531 654 tant
1553 604 1796 655 victores.
1863 606 1992 658 Jure
2013 608 2255 659 laudatur
2280 609 2342 661 C.
2368 610 2481 663 Ce-

1414 695 1502 731 sar
1539 681 1608 732 ob
1647 682 1774 732 duas
1796 684 2035 749 virtutes,
2073 686 2393 738 Modestiam
2424 690 2483 738 et

1414 758 1771 820 Clementiam,
1805 776 2021 827 quarum
2044 762 2215 812 victor
2236 771 2355 827 post
2374 762 2484 815 bel·

1413 834 1519 885 lum
1566 837 1721 887 civile
1765 838 2255 889 observantissimus
2305 837 2485 891 fuerit.

1416 911 1549 965 Quis
1592 911 1729 963 enim
1779 913 2004 964 omnium
2049 922 2169 979 post
2210 915 2484 966 victoriam

1417 988 1634 1045 §Za-saris
1674 1004 1776 1041 non
1820 1000 2052 1057 optasset
2103 993 2278 1058 potius
2320 990 2483 1045 bostis

1417 1064 1581 1135 fuisse
1603 1067 1842 1131 Caesaris,
1879 1083 2032 1135 quam
2054 1069 2108 1120 in
2130 1083 2261 1132 pace
2286 1069 2484 1121 amicus

1420 1145 1601 1208 Marii,
1652 1155 1745 1198 aut
1792 1147 1980 1199 Suuae?
2049 1148 2211 1200 Pauci
2257 1149 2484 1203 victores

1421 1220 1740 1272 Modestiam
1775 1230 1868 1274 aut
1895 1223 2234 1274 Clementiam
2258 1225 2487 1275 coluerea

1422 1298 1489 1348 Id
1531 1299 1662 1350 adeo
1703 1302 1926 1352 Naturoe
1970 1302 2192 1367 quodam
2236 1301 2489 1353 instinctu

1420 1374 1560 1426 inter
1578 1378 1821 1428 mortales
1841 1376 1955 1427 fieri
1987 1378 2139 1429 solet.
2206 1377 2343 1429 Nam
2363 1376 2489 1429 dum

1421 1453 1584 1505 hostis
1608 1456 1675 1505 ab
1697 1455 1847 1506 hoste
1869 1470 2115 1506 summam
2143 1470 2199 1506 se
2221 1454 2490 1520 accepisse

1422 1530 1668 1596 injuriam
1713 1533 1998 1596 existimat,
2047 1541 2165 1598 post
2220 1531 2491 1585 victoriam

1423 1608 1621 1659 animus
1666 1611 1917 1676 augescit,
1967 1612 2159 1662 crescit
2212 1607 2490 1677 cupiditas.

1421 1688 1624 1739 Scimus
1667 1689 1812 1741 Sulla
1857 1691 2108 1742 bellatore
2160 1691 2287 1740 nihil
2328 1689 2491 1740 fnisse

1424 1767 1619 1830 mitius,
1639 1767 1839 1819 victore
1874 1769 2001 1818 nihil
2023 1767 2365 1819 truculentius
2400 1771 2495 1821 aut

1426 1842 1704 1895 crudelius.
1771 1845 1869 1895 Est
1908 1850 1966 1895 et
2004 1834 2105 1894 alia
2145 1858 2327 1895 caussa
2363 1842 2499 1893 inso-

1425 1921 1604 1972 lentiae
1629 1921 1898 1986 ejusmodi,
1929 1922 2126 1987 quippe
2158 1920 2397 1972 secundis
2417 1933 2499 1971 re-

1428 1997 1523 2048 bus
1545 1998 1704 2049 etiam
1724 1999 1960 2064 egregios
1984 2002 2163 2051 Duces
2178 1998 2503 2052 insolescere

1429 2081 1656 2126 testatur
1682 2075 1910 2127 Tacitus.
1977 2075 2312 2127 Rarissimum
2336 2075 2498 2140 igitur

1427 2153 1528 2204 hoc
1548 2155 1842 2218 exemplum
1866 2154 1920 2203 in
1940 2153 2166 2218 Caesare,
2183 2152 2321 2219 quod
2338 2151 2500 2202 etiam

1432 2230 1698 2282 Histoi-ica
1712 2292 1717 2297 ι
1732 2232 2043 2284 auctoritate
2074 2231 2298 2283 stabilio.
2364 2228 2507 2280 Scri-

1430 2308 1513 2360 bit
1562 2308 1697 2360 euim
1754 2308 1822 2361 de
1852 2310 1972 2360 ‘hac
2029 2309 2248 2361 victoria
2302 2308 2506 2372 Florus,

1427 2386 1580 2437 §Pax
1635 2387 1925 2449 incruenta,
1968 2390 2347 2451 pensatumque
2400 2383 2506 2434 cle·

1431 2464 1636 2516 mentia‘
1654 2463 1864 2515 bellum.
1913 2464 2083 2515 Nemo
2104 2477 2266 2514 cesus
2283 2460 2504 2527 imperio

1434 2546 1630 2605 praeter
1651 2539 1924 2591 Afranium
1954 2540 2105 2606 (satis
2137 2541 2410 2605 ignoverat
2429 2552 2509 2588 se-

1434 2617 1564 2683 mel)
1601 2625 1658 2668 et
1696 2618 1949 2668 Faustum
1984 2618 2214 2668 Sullam:
2249 2616 2512 2666 didicerat

1437 2710 1656 2759 generos
1704 2696 1910 2758 timere,
1962 2694 2223 2760 filiamque
2267 2690 2508 2755 Pompeii

1437 2786 1554 2823 cum
1580 2772 1902 2836 patruelibus
1925 2787 1989 2822 ex
2013 2771 2187 2821 Sulla:
2235 2769 2318 2820 hie
2339 2774 2511 2835 poste·

1440 2848 1509 2898 ris
1531 2847 1852 2899 cavebatur!
1885 2848 2021 2898 Haec
2038 2849 2239 2899 Floms.
2280 2846 2418 2895 Hinc
2442 2845 2510 2896 de

1440 2926 1622 3014 preda
1677 2925 1930 2975 militibus
1985 2922 2285 2983 dividunda,
2327 2922 2514 2987 magna

1441 3002 1493 3051 in
1532 3003 1631 3053 hac
1664 3015 1723 3051 re
1758 2999 2038 3051 difficultas
2073 2999 2268 3050 Caesari
2301 2997 2515 3062 objecta

1442 3085 1571 3128 erat.
1641 3078 1777 3129 Nam
1810 3084 1866 3126 et
1898 3076 2093 3127 milites
2116 3074 2435 3139 predatores
2454 3078 2517 3125 et

1431 3155 1570 3206 ‚victi
1593 3154 1750 3206 cives.
1817 3153 2135 3204 Invidiosum
2168 3153 2377 3203 omnino
2408 3149 2517 3201 fac-

1433 3240 1557 3289 ‚tum
1611 3231 1787 3283 fuerat
1839 3232 2078 3294 Caesaris,
2136 3230 2270 3280 bona
2323 3227 2515 3280 civium

1446 3310 1641 3376 praedae
1688 3309 1831 3361 dare.
1917 3310 2037 3362 Jam
2081 3308 2297 3373 valebat
2341 3308 2516 3358 Romo

1429 3387 1582 3439 -fama
1607 3389 1671 3439 de
1694 3388 2009 3439 crudelitate
2030 3386 2267 3449 caesaris,
2283 3400 2351 3435 ex
2374 3398 2520 3436 mera

1428 3466 1643 3527 ‚invidia
1666 3465 1807 3517 ficta.
1872 3465 2068 3530 Tangit
2100 3479 2218 3515 eum
2241 3463 2427 3514 Cicero
2448 3457 2519 3512 ad

1447 3542 1690 3593 Atticum
1727 3543 1986 3594 scribens:
2018 3543 2034 3570 ⁴
2059 3541 2165 3596 Qui
2202 3539 2411 3607 quidem
2444 3539 2521 3589 in·

1449 3628 1653 3671 certum
1676 3629 1776 3685 est,
1809 3620 2142 3671 Phalarimne
2175 3633 2243 3668 an
2280 3617 2524 3668 Pisistra·

1453 3704 1563 3748 tum
1604 3699 1672 3749 sit
1712 3698 2047 3749 imitaturus-²
2113 3695 2265 3747 Unde
2304 3702 2362 3746 et
2394 3694 2520 3746 illud

1453 3776 1777 3826 verissimum
1821 3790 1935 3825 csse
1977 3775 2163 3841 liquet,
2204 3773 2339 3839 quod
2383 3772 2523 3823 idem

1454 3852 1642 3902 Cicero
1664 3849 1868 3901 scribit:
1903 3853 1919 3879 ‘
1937 3850 2130 3901 Omnia
2156 3858 2279 3899 sunt
2300 3848 2526 3899 inbellis

1455 3929 1693 3980 civilibus
1733 3929 1943 3991 misera,
1984 3929 2073 3978 sed
2096 3927 2246 3978 ,nihil
2290 3926 2526 3979 miserius

1456 4022 1612 4074 quam
1648 4009 1765 4072 ipsa
1788 4006 2024 4067 victoria,
2065 4020 2181 4070 quse
2220 4004 2421 4054 etiamsi
2457 4002 2526 4054 ad

1441 4085 1698 4136 meliores
1723 4088 1884 4149 venit,
1923 4097 2090 4137 tamen
2123 4102 2214 4138 eos
2237 4088 2375 4151 ipsos
2398 4083 2538 4136 fero-

1458 4164 1630 4214 ciores
1683 4165 2175 4231 impotentioresque
2218 4164 2412 4227 reddit,
2464 4169 2528 4214 ut

1460 4241 1558 4292 etsi
1581 4248 1769 4291 natura
1788 4242 1920 4290 tales
1943 4254 2046 4291 non
2067 4241 2193 4305 sint,
2213 4239 2531 4295 necessitate

1461 4333 1577 4371 esse
1621 4317 1912 4385 cogantur?
2007 4317 2149 4369 Illud
2193 4332 2319 4371 vero
2357 4332 2530 4372 noune
