2984 4892
531 362 662 441 ,398

533 527 815 576 orationem
834 522 1076 574 habuerit
1110 529 1301 584 tecum,
1340 536 1594 589 quamque

537 603 825 653 ostenderit
879 604 1195 651 voluntatem
1256 601 1413 667 (solet
1457 601 1591 650 cuim

536 679 674 730 aliud
699 678 893 729 sentire
929 684 985 727 et
1023 679 1180 744 loqui,
1216 692 1384 743 neque
1422 684 1592 728 tamen

534 763 739 807 tantum
762 756 936 805 valere
975 755 1199 818 ingenio,
1236 764 1291 803 ut
1316 768 1416 803 uon
1440 770 1593 818 appa-

1235 372 1451 427 NO'I'AE
1501 374 1838 424 VAmoRU
1851 370 1898 421 M
1951 372 2030 423 m

1664 523 1831 571 minus
1859 534 1974 572 esse
2005 532 2045 572 'a
2066 521 2260 572 virtute
2297 527 2545 573 remotum
2582 521 2732 590 (nam

1665 607 1748 649 est
1779 601 1831 649 in
1857 601 2002 650 bonis
2023 601 2181 650 etiam
2203 599 2426 649 studium
2449 606 2506 650 et
2529 599 2732 664 eupidi-

1666 684 1746 727 tas
1768 676 2043 742 honorum)
2081 692 2236 742 quam
2264 677 2553 727 avaritiam.
2623 678 2728 727 Sed

1666 759 1721 802 et
1751 754 1893 817 prior
1913 754 2074 804 lectio
2107 755 2240 804 bene
2263 769 2385 804 sane
2415 756 2595 820 habet,
2621 770 2731 819 pro·

534 841 668 894 reat,
700 832 821 898 quid
858 832 1073 897 sentiat)
1108 832 1193 882 fac
1215 833 1337 883 mihi
1376 835 1594 899 perscri-
1661 832 1772 895 pius
1804 831 2009 891 virtum,-
2041 845 2155 896 pro,
2196 846 2332 881 eum·
2353 833 2548 882 virtute
2575 833 2736 897 june-

535 910 664 960 bas!
728 911 796 960 Et
818 912 1087 960 Terentius
1122 912 1356 961 Eunuclt.
1389 920 1490 961 act.
1517 925 1593 961 tv.

533 1002 605 1038 sc.
629 993 678 1039 4.
700 988 717 1016 ‘
740 988 901 1037 Modo
925 988 1017 1050 ait,
1055 989 1206 1038 modo
1231 988 1420 1049 negat!
1488 989 1594 1038 Ho-

534 1079 705 1115 merus
743 1066 901 1115 etiam
943 1065 1004 1113 Il.
1045 1078 1147 1114 nx.
1182 1065 1383 1128 Ἔχθρος
1402 1063 1497 1128 γάρ
1515 1083 1596 1126 μοι

534 1145 683 1192 κεῖνος
705 1143 826 1203 ὁμῶς
846 1139 978 1191 ἀΐδαο
1006 1140 1228 1206 πύλῃσιν,
1251 1140 1343 1192 Ὃς
1365 1147 1416 1204 χ’
1439 1140 1598 1207 ἕτερον

531 1219 623 1281 μὲν
650 1218 801 1269 κεύθει
844 1220 911 1268 ἐνὶ
952 1219 1132 1283 φρεσὶν,
1178 1219 1303 1269 ἄλλο
1347 1218 1399 1269 δὲ
1440 1220 1597 1284 βάζει.

536 1296 734 1347 Manae.

601 1374 750 1424 Atina
795 1374 848 1423 in
889 1375 1055 1436 lingua
1092 1380 1363 1439 promptum
1405 1374 1597 1442 habere]

538 1451 675 1503 Haec
734 1459 815 1502 est
858 1453 1087 1517 positura
1130 1453 1280 1502 codd.
1327 1454 1595 1503 meliorum

535 1530 920 1595 editionumque
944 1533 1223 1594 priscarum
1244 1547 1257 1579 :
1280 1545 1397 1580 nam
1420 1544 1599 1581 recen·

538 1614 637 1668 tes,
649 1608 780 1656 aliud
791 1612 1058 1671 promptam
1072 1607 1123 1655 in
1140 1609 1172 1656 1.
1191 1607 1375 1657 habere.
1402 1608 1596 1657 Parum

538 1683 746 1748 quidem
765 1683 973 1734 videtur
997 1682 1193 1734 referre
1214 1684 1309 1735 hac
1329 1699 1395 1735 ue
1420 1699 1483 1735 au
1508 1685 1597 1735 illa

537 1760 882 1811 collocatione
922 1759 1223 1824 efferamus3
1276 1762 1368 1810 sed
1412 1768 1597 1813 contra

537 1844 652 1888 est:
686 1838 822 1888 sicut
843 1838 976 1888 enim
995 1839 1127 1888 collo
1146 1837 1442 1889 columbino
1464 1839 1596 1889 alius

536 1922 693 1980 atque
739 1916 867 1965 allus
909 1915 1073 1965 oritur
1105 1917 1266 1979 color,
1305 1923 1461 1980 prout
1499 1917 1598 1968 cir·

536 1993 847 2057 cumagitur,
868 1992 943 2042 ita
961 1993 1119 2042 etiam
1138 1993 1241 2042 hic.
1280 1993 1531 2045 Gruterus.

599 2069 874 2131 Amicitias,
904 2068 1272 2133 inimicitiaque
1304 2085 1397 2119 non
1433 2086 1493 2120 ea:
1529 2087 1600 2137 re,

534 2148 614 2195 sed
637 2161 697 2194 ex
717 2138 951 2195 commodo
980 2145 1239 2210 aestintare]
1273 2147 1467 2197 Fronto
1487 2148 1599 2199 haec

536 2222 726 2271 recitat
748 2222 802 2271 in
826 2222 1002 2282 verbo,
1041 2223 1266 2286 AEstimo,
1307 2224 1492 2273 omissa
1513 2238 1599 2274 co-

538 2298 663 2361 pula
706 2298 987 2360 que51icet
1023 2313 1185 2362 parva
1225 2299 1346 2361 siut,
1385 2313 1484 2349 nec
1528 2298 1596 2349 ad

535 2373 844 2422 sententiam
867 2372 1144 2439 quidquam
1167 2372 1402 2437 afferant,
1414 2381 1596 2426 notan-

535 2448 603 2499 da
626 2457 799 2500 tamen
823 2451 1016 2500 censui.
1052 2452 1248 2501 strenue.

606 2526 701 2574 Ubi
737 2528 952 2589 contagio
990 2528 1124 2591 quasi
1159 2529 1449 2593 pestilentia,
1489 2529 1595 2595 dm]

533 2601 761 2652 Videtur
806 2605 1067 2656 Charisius
1110 2606 1224 2656 haec
1266 2607 1492 2657 recitare
1529 2623 1594 2658 ex

535 2681 703 2744 primo
735 2681 1116 2733 Historiarum:
1154 2684 1266 2749 ejus
1300 2684 1437 2734 enim
1476 2691 1598 2735 sunt

534 2757 695 2807 verba
715 2758 749 2809 l.
767 2772 804 2809 1.
827 2760 842 2786 ‘
864 2760 1190 2823 contagium,
1213 2768 1418 2811 veteres
1435 2762 1598 2826 magis

535 2846 931 2899 usurpaverunt.
992 2837 1096 2887 Sed
1123 2837 1397 2887 Sallustius
1420 2838 1600 2887 maluit

534 2908 711 2959 dicere
732 2912 928 2975 primo:
963 2913 1049 2962 ubi
1074 2913 1464 2978 contagio,'&c.
1499 2915 1598 2963 Ea-

535 2988 654 3040 dem
676 2992 838 3041 verba
860 2993 1050 3043 recitat
1072 3000 1126 3043 et.
1143 2994 1345 3051 Nonius
1369 2992 1597 3043 Marcel·

534 3067 614 3114 lus
652 3082 720 3116 ex
762 3068 1040 3118 Sallustio:
1078 3084 1173 3118 uec
1217 3075 1387 3119 tamen
1427 3069 1597 3119 locum

534 3142 783 3193 nominat.
818 3144 966 3195 Idem.
1106 3153 1110 3157 ⁴

606 3219 792 3269 Civitas
831 3226 902 3269 est
943 3221 1217 3286 immutata]
1271 3221 1335 3270 Τὸ
1371 3226 1460 3284 est,
1491 3236 1595 3271 non

534 3292 691 3343 habet
713 3298 978 3360 exemplar
1002 3298 1379 3361 Fabricianum,
1417 3307 1471 3349 et
1491 3300 1596 3349 ele-

536 3369 741 3434 gantius
762 3373 927 3435 abest,
951 3376 1240 3438 praesertim
1266 3390 1383 3425 cum
1420 3376 1595 3440 paullo

537 3452 658 3518 post
676 3457 938 3515 sequatur,
954 3457 1112 3515 atque
1132 3451 1232 3501 huc
1256 3452 1391 3501 idem
1412 3452 1596 3503 referri

536 3514 732 3586 possit3
769 3526 973 3575 tametsi
1005 3528 1056 3575 in
1090 3529 1436 3592 manuscripto
1470 3542 1596 3595 quo-

538 3597 656 3647 dam
678 3602 918 3663 neutrubi
940 3603 1148 3667 ponitur
1169 3610 1255 3654 est.
1292 3605 1490 3658 Rivius.

604 3674 737 3724 CAP.
766 3682 847 3727 ll.
891 3680 988 3728 Sed
1015 3683 1167 3745 primo
1200 3684 1353 3746 mag-is
1379 3683 1595 3747 umbitio,

536 3767 676 3816 quam
696 3756 923 3819 ‹tt-aritia,
947 3758 1128 3806 animos
1149 3759 1386 3809 hominum
1412 3774 1595 3810 exerce-

537 3828 649 3878 bat.-
673 3831 793 3892 quod
814 3835 972 3881 tamen
994 3834 1164 3882 vitium
1198 3837 1389 3898 propius
1419 3836 1595 3886 virtuti

536 3906 663 3969 erat]
726 3906 788 3956 Iu
844 3911 1208 3975 manuscriptis
1264 3911 1459 3962 duobus
1498 3922 1595 3977 est,

530 3984 725 4048 propius
740 3985 1099 4035 circulauerat.
1135 3987 1218 4035 Sic
1236 3988 1412 4037 Livius
1430 4002 1504 4039 tv.
1530 3988 1593 4037 ab

536 4058 603 4108 U.
608 4058 669 4108 C.
682 4061 697 4087 ‘
711 4060 933 4124 Propius
951 4077 1003 4110 e„
984 4068 1029 4110 t
1051 4060 1224 4125 fidem,
1245 4062 1495 4148 obstringi
1513 4062 1596 4112 Fi-

537 4136 799 4186 denatium
824 4140 1067 4202 populum
1102 4139 1419 4189 couscientia
1461 4140 1593 4189 tanti

520 4202 748 4263 sceleris
818 4215 1091 4265 voluissez'
1161 4229 1255 4279 pro
1296 4216 1596 4265 unisimilius

539 4290 630 4353 pst.
648 4290 836 4338 Sensus
851 4297 1021 4341 autem
1037 4289 1121 4340 hic
1145 4295 1245 4354 est,
1264 4290 1596 4342 ambitionem

1659 4290 1810 4354 dam,
1825 4306 1938 4342 uera
1951 4292 2129 4342 uititw
2140 4293 2236 4343 via.

1668 909 1782 970 tius,
1818 908 1898 956 vel
1935 908 2097 970 magis
2131 907 2284 959 affine
2326 908 2526 963 virtuti.
2593 910 2733 960 Nam

1668 986 1743 1035 sic
1777 984 1830 1033 in
1864 984 2066 1034 Officiis
2104 986 2311 1049 Cicero,
2343 986 2362 1015 ‘
2388 986 2522 1039 Qum
2545 988 2733 1038 virtuti

1667 1063 1936 1128 propiores
1953 1062 2104 1125 sunt,'
2127 1063 2312 1128 inquit.
2373 1066 2569 1115 Verum
2593 1065 2738 1116 Pris-

1668 1140 1847 1189 cianus
1891 1141 1928 1190 l.
1964 1153 2124 1190 xvm.
2177 1142 2192 1170 ‘
2218 1143 2428 1206 propius
2461 1140 2739 1192 virtutem’

1668 1217 1827 1280 legit:
1852 1226 1908 1268 et
1927 1217 2106 1267 subdit
2123 1218 2315 1268 ibidem
2337 1219 2431 1269 hoc
2451 1232 2516 1269 ex
2540 1219 2578 1271 J
2583 1232 2738 1283 ugur-

1670 1293 1759 1342 tha
1793 1295 2086 1357 exemplum
2123 1298 2142 1323 ⁸
2166 1295 2377 1359 propius
2413 1309 2558 1345 mare
2592 1295 2735 1346 Affl-

1669 1384 1785 1420 cum
1810 1370 2112 1434 agitabant!
2179 1370 2306 1422 Aur.
2328 1373 2736 1436 Augustinus'in

1669 1461 1724 1498 v,
1748 1446 1813 1497 de
1838 1448 2067 1497 Civitate
2089 1449 2216 1511 Dei,
2235 1450 2252 1477 ‘
2270 1450 2509 1514 proprius
2528 1449 2734 1499 virtuti'

1669 1524 1834 1589 legit5
1865 1539 1964 1575 nec
1985 1525 2038 1573 ld
2063 1539 2176 1576 esse
2205 1526 2399 1575 librarii
2435 1527 2646 1590 vitium,
2668 1540 2733 1576 ex

1668 1600 2058 1666 insequentibus
2080 1600 2274 1652 ibidem
2291 1603 2514 1667 intelligi
2539 1610 2736 1668 potest.

1670 1678 1820 1729 Idem.

1735 1754 1834 1804 Sed
1857 1758 2009 1820 prim
2027 1757 2188 1821 mag-is
2206 1757 2406 1808 ambitio
2421 1774 2564 1823 qnam
2578 1759 2739 1810 avan'·

1669 1830 1764 1895 tia]
1803 1832 1877 1881 Ut
1895 1848 2052 1899 supra
2074 1834 2306 1885 dixerat:
2331 1837 2346 1864 ‘
2369 1835 2543 1900 Igitur
2566 1836 2736 1900 primo

1671 1910 1927 1973 pecuniae,
1950 1909 2137 1962 deinde
2159 1912 2368 1977 imperii
2401 1912 2602 1977 cupido
2638 1926 2740 1963 cre-

1673 1985 1785 2037 vit?
1811 1987 2104 2039 ciacconius.

1737 2062 1945 2127 Propius
1964 2063 2158 2128 virtuti]
2203 2065 2446 2117 Virtutem
2485 2068 2742 2134 scriptum

1672 2146 1751 2189 est
1770 2140 1906 2203 apud
1945 2141 2279 2206 Frontonem,
2303 2144 2390 2209 qui
2413 2145 2532 2195 baec
2551 2147 2743 2198 recitat

1671 2218 1726 2267 in
1778 2218 1996 2284 Propius,
2053 2226 2109 2270 et
2150 2221 2475 2272 Priscianum
2516 2225 2555 2275 l.
2599 2238 2740 2278 xm.

1674 2296 1907 2359 quamvis
1946 2295 2261 2360 Augustinus
2306 2298 2481 2349 vinna
2532 2299 2741 2352 videtur

1674 2370 1878 2435 legisse,
1893 2371 1987 2421 nisi
2006 2380 2124 2422 sunt
2141 2372 2374 2424 mendosi
2398 2375 2626 2427 codices.
2670 2379 2743 2428 Et

1675 2462 1798 2498 sane
1820 2449 1894 2498 sic
1911 2450 2048 2500 idem
2065 2451 2336 2501 Sallustius
2351 2452 2560 2504 locutus
2576 2455 2632 2505 in
2647 2455 2742 2507 Ju-

1674 2524 1890 2589 gurtha:
1913 2526 1931 2554 ‘
1955 2526 2179 2590 Propius
2210 2541 2352 2577 mare
2373 2526 2621 2580 Africum
2643 2531 2749 2595 agi-

1675 2601 1856 2652 tabant
1868 2603 1901 2652 :’
1922 2602 2046 2652 item
2066 2619 2081 2663 ;
2099 2609 2116 2633 ⁴
2135 2604 2357 2669 Propior
2373 2612 2606 2657 montem
2624 2623 2743 2658 cnm

1675 2678 1814 2727 omni
1853 2678 2107 2743 equitatu,
2131 2686 2186 2729 et
2224 2680 2492 2744 peditibus
2532 2683 2744 2734 dilectis

1675 2766 1793 2803 suos
1826 2755 2047 2805 collocat
2062 2754 2096 2804 :’
2141 2771 2432 2823 quanquam
2474 2760 2528 2809 in
2577 2762 2746 2812 Fulvfi

1675 2830 1850 2881 Ursini
1875 2832 2007 2882 libro
2022 2833 2213 2884 litteris
2229 2837 2597 2902 superscriptis
2619 2840 2747 2904 tegi·

1675 2913 1777 2970 tur,
1803 2907 1989 2957 Menti.-
2014 2922 2130 2958 cnm
2151 2915 2307 2959 antea
2332 2916 2510 2961 tamen
2533 2913 2746 2979 fnisset,

1676 2983 1907 3033 Montem.
1973 2985 2045 3035 Et
2068 2985 2243 3036 Livius
2263 3001 2339 3037 xv.
2364 2989 2382 3016 ‘
2403 2990 2639 3056 Propius
2665 2998 2746 3043 est

1675 3058 1848 3125 fidem,
1871 3061 2118 3127 obstringi
2135 3063 2467 3116 Fidenatium
2489 3069 2744 3133 populum

1674 3140 1997 3190 conscientia
2036 3142 2171 3191 tanti
2211 3144 2418 3193 sceleris
2471 3144 2749 3198 votuisse?

1673 3214 1725 3263 id
1751 3224 1852 3277 est,
1867 3218 2169 3268 verisimilium
2188 3225 2272 3269 est.
2315 3220 2613 3274 Manutius.

1743 3294 1950 3357 Propius
1969 3296 2194 3345 virtatem
2211 3298 2338 3361 erat]
2406 3298 2624 3362 Propius
2646 3298 2744 3348 rir-

1674 3372 1788 3435 tuti,
1806 3374 1945 3437 vulg.
1985 3374 2141 3423 Meus
2165 3374 2316 3437 liber,
2334 3376 2549 3438 Propius
2567 3376 2746 3427 cinnii

1674 3453 1760 3499 est.
1795 3448 1962 3498 Cicer.
1990 3463 2051 3498 ιι.
2077 3448 2231 3500 Offic.
2251 3452 2267 3478 ‘
2294 3451 2436 3514 prius
2458 3451 2526 3500 de
2563 3452 2629 3502 iis
2668 3467 2748 3504 re-

1665 3525 1789 3588 bus,
1813 3541 1928 3589 quae
1950 3524 2130 3575 virtuti
2144 3527 2412 3591 propiores
2437 3534 2581 3593 sunt,
2599 3529 2748 3580 dixe-

1672 3601 1870 3652 rimus?
1912 3604 2125 3652 Ciaccon.

1739 3679 1869 3728 Nam
1904 3680 2127 3741 gloriam,
2178 3681 2416 3748 honor-em,
2471 3684 2750 3749 imperinm,

1672 3755 1818 3805 bouus
1858 3762 1906 3805 et
1947 3757 2151 3819 ignavus
2191 3774 2320 3823 oeqne
2355 3760 2449 3809 sibi
2490 3764 2748 3828 παρίω]

1671 3834 1881 3884 Quanto
1920 3835 2101 3883 melius
2139 3834 2191 3883 in
2229 3837 2486 3887 ventustis
2531 3839 2749 3903 quibus·

1672 3907 1809 3971 dam,
1854 3908 2012 3971 bonus,
2042 3909 2257 3973 ignarus,
2295 3913 2483 3962 omissa
2511 3916 2745 3978 copulat

1671 3985 1722 4033 id
1770 3984 1904 4049 quod
1946 3986 2367 4050 breviloquentiae
2407 3989 2746 4041 Sallustiana

1670 4060 1834 4125 magis
1876 4060 1960 4110 hic
1995 4063 2253 4111 convenit.
2319 4064 2460 4114 Leve
2489 4065 2618 4131 hoc,
2649 4065 2745 4117 sed

1672 4152 1774 4186 non
1799 4138 1913 4187 ideo
1935 4140 2375 4201 praetereundum.
2445 4140 2645 4194 Rivisoe.

1737 4215 1833 4264 Sed
1862 4216 1942 4265 ille
1963 4230 2074 4264 vera
2097 4215 2177 4265 via
2197 4216 2396 4283 nititur]
2439 4218 2504 4268 In
2524 4219 2744 4285 quibus-

2301 4292 2369 4345 Id
2385 4293 2516 4345 milii
2529 4296 2736 4347 rectius
