2984 4892
887 430 894 435 ·
1009 416 1322 468 nis-mom
1357 418 1801 469 santumro.
2206 432 2221 445 ·
2364 404 2500 474 wo

247 554 485 638 Lngd.
507 558 638 621 Dat.
655 558 840 622 -.1642
875 568 970 623 12.
999 560 1164 640 prius
1190 560 1490 649 scripsisse
1520 561 1826 622 Sallustius
1856 560 2118 634 videtur,
2142 564 2275 625 sed
2286 565 2505 693 Jugu-

289 656 538 729 tbi-um,
567 658 710 737 quia
733 658 892 737 prius
920 669 1152 737 gestum
1177 672 1287 730 est,
1315 659 1674 739 praemittere
1698 660 1942 739 placuit.

349 734 426 815 3.
470 755 522 813 Ε
545 774 648 815 sex
673 755 838 815 libris
861 756 1286 817 Historiarum¹
1319 758 1533 836 populi
1564 758 1836 829 Romani,
1867 778 1904 818 a
1931 767 2121 819 morte
2137 760 2337 840 syna,
2361 780 2498 840 qne

284 851 537 930 contigit
578 853 668 911 M.
720 853 947 931 Lepido
987 863 1049 915 et
1096 856 1171 924 Q.
1211 855 1432 916 Cat-ulo
1479 857 1651 915 Coss.
1676 875 1843 916 anno
1885 858 1960 918 U.
1996 853 2146 924 676.
2185 877 2377 935 usque
2414 857 2491 918 ad

285 946 555 1009 cnam-2
582 950 1068 1027 conjurationem,
1069 953 1448 1033 Fragmenta
1471 954 1725 1014 collecta
1750 973 1786 1014 a
1814 954 1964 1014 Lud.
1994 954 2321 1013 Cari-ione
2304 972 2366 1014 ιιι
2396 973 2503 1017 sua

287 1043 425 1104 Sall.
454 1047 597 1107 edit.
624 1058 686 1108 et
714 1049 790 1108 ab
815 1052 953 1109 Aut.
976 1026 1325 1110 Riecobono
1350 1050 1427 1110 a'd
1459 1050 1684 1111 calcem
1713 1051 1847 1111 libri
1871 1050 1947 1110 de
1979 1050 2263 1124 Historia,
2286 1053 2501 1113 Vonet.

293 1141 468 1204 1568.
512 1155 569 1206 s.
623 1155 685 1206 et
711 1147 912 1207 -Basih
957 1155 1141 1219 4579.
1167 1155 1230 1207 s.
1270 1164 1334 1227 p.
1389 1147 1563 1209 163-
1589 1147 1731 1211 216.
1771 1158 1833 1208 et
1873 1149 1952 1208 ab
1999 1147 2159 1208 Alco
2204 1148 2497 1219 Munatio,

288 1239 456 1302 Pauli
503 1244 576 1303 P.
615 1244 754 1305 -Sed
809 1245 1099 1306 Carrionis
1155 1255 1399 1325 praestat
1465 1245 1773 1319 industria,
1830 1265 2007 1326 quam
2056 1246 2188 1306 fere
2240 1245 2501 1307 editores

289 1339 553 1418 Operum
582 1342 726 1402 Sall.
756 1351 1100 1422 sequuntur.
1183 1344 1367 1403 Isaac.
1398 1344 1639 1403 Vossius
1670 1343 1858 1422 Epist.
1899 1341 1978 1403 ad
2020 1342 2158 1403 Nic.
2192 1343 2500 1403 Heinsium

287 1435 432 1498 data
468 1458 524 1498 a.
563 1437 737 1501 1651.
768 1441 967 1501 Holm.
998 1439 1061 1501 d.
1099 1449 1193 1504 12.
1222 1441 1347 1502 Jul.
1400 1447 1420 1471 ‘
1449 1442 1585 1503 Hoc
1630 1441 1767 1520 ipso
1810 1440 1928 1513 die,
1958 1458 2079 1519 quo
2108 1439 2236 1500 haec
2280 1439 2501 1513 scribo,

285 1533 469 1595 incidi
494 1536 552 1596 in
573 1536 696 1597 duo
724 1537 863 1598 folia
891 1538 1197 1617 stupendae
1224 1538 1625 1617 antiquitatis:
1659 1559 1796 1618 qua*
1825 1530 2143 1617 postquam
2170 1535 2503 1614 diligentius

286 1631 509 1710 aspexi,
537 1635 735 1696 statim
764 1635 1001 1713 conjeci
1034 1655 1164 1696 esse
1192 1634 1523 1714 fragmenta
1550 1634 1988 1714 deperditarum
2006 1633 2156 1693 Sall.
2185 1632 2501 1694 Historiar-

287 1728 604 1789 Contiaent
629 1731 732 1791 illa
754 1731 976 1792 bellum
991 1731 1211 1792 servile
1230 1732 1392 1791 Crixi
1415 1732 1787 1811 etSpartaci.
1791 1736 1810 1761 '
1862 1731 1966 1794 Ob
1989 1731 2105 1790 hoc
2125 1729 2500 1808 potissimum

288 1844 468 1905 opus,
523 1827 770 1889 Lucullo
812 1827 1190 1939 inscriptum,
1250 1828 1565 1888 Sallustius
1619 1826 1879 1888 Martiali
1932 1841 2083 1886 XIV.
2147 1833 2281 1896 191.
2334 1825 2513 1886 audit»

290 1924 607 1985 ‘Romana
650 1927 873 2004 primus
919 1926 979 1986 in
1011 1926 1308 1987 Historia!
1389 1924 1783 2005 Reperiuntur
1823 1921 2147 2002 fragments
2184 1931 2275 1982 et
2298 1921 2359 1981 in
2402 1921 2501 1982 ed.

282 2020 500 2082 Comi.

369 2128 431 2179 4.
474 2119 629 2180 Dure
657 2119 968 2182 Orationes
994 2121 1136 2197 (sive
1162 2120 1448 2199 Epistolae
1476 2118 1703 2200 potius)
1749 2117 1825 2179 de
1863 2115 2027 2197 nep.
2045 2113 2394 2177 Ordinanda
2421 2114 2499 2175 ad

290 2216 589 2276 Caesarem
618 2215 828 2289 missae,
857 2234 993 2278 cnm
1022 2217 1078 2277 in
1110 2216 1430 2297 Hispanias
1473 2215 1945 2296 proficisceretur
1973 2200 2177 2274 contra
2206 2211 2503 2273 Petreium

290 2321 354 2372 et
382 2311 714 2393 Afranium,
743 2314 902 2377 victo
931 2316 1045 2375 Cn.
1072 2313 1381 2393 Pompeio.
1461 2314 1595 2374 Has
1624 2311 1882 2373 Sallustii
1907 2330 2030 2372 esse
2061 2309 2293 2389 Lipsius
2319 2308 2423 2369 lib.
2459 2325 2509 2369 1.

288 2412 430 2471 Var.
459 2411 592 2474 lect.
633 2432 691 2473 c.
721 2421 778 2474 8.
810 2412 1144 2484 dubitavit;
1187 2411 1332 2473 citra
1374 2430 1640 2490 magnam
1681 2428 1928 2472 causam
1978 2407 2216 2488 negavit
2257 2406 2506 2476 Carrio;

289 2514 550 2568 ceterum
578 2517 702 2569 tam
729 2511 805 2570 de
827 2509 969 2571 Sall.
1001 2508 1243 2569 meritus
1270 2508 1428 2569 haud
1461 2508 1633 2580 male,
1661 2526 1839 2587 quam
1867 2524 1986 2566 non
2016 2505 2167 2564 bene
2186 2503 2308 2564 Jul.
2330 2503 2509 2563 Pom-

287 2620 433 2684 pon.
465 2605 684 2665 Laetus.
768 2606 1073 2685 Quicquid
1101 2605 1254 2666 enim
1296 2605 1478 2665 ferme
1518 2604 1804 2666 adversus
1835 2602 2035 2664 Codd.
2063 2600 2243 2661 fidem
2266 2600 2328 2658 in
2358 2600 2521 2660 Sall.-

289 2700 660 2763 immutatum
700 2711 813 2775 est,
842 2702 907 2762 id
933 2702 1267 2782 Pomponio
1295 2703 1432 2763 huic
1471 2703 1654 2762 tribui
1697 2702 1912 2763 debere
1954 2707 2122 2759 notat
2151 2697 2401 2757 Vossius
2426 2696 2502 2757 de

287 2799 450 2860 Hist.
482 2803 699 2862 Latinis
724 2803 831 2862 lib.
864 2818 976 2863 111.
1003 2822 1143 2882 pag.
1171 2802 1314 2864 615.
1396 2803 1566 2862 Duas
1595 2801 1771 2861 hasce
1801 2801 1975 2861 Orat.
2004 2795 2319 2877 separatim
2348 2794 2504 2855 notis

281 2895 594 2959 illustravit
635 2899 975 2978 christoph.
1002 2898 1272 2969 Colerus,
1313 2897 1657 2977 Ambergae,
1710 2903 1882 2967 1599.
1933 2904 1993 2955 8.
2036 2894 2135 2954 Jo.
2167 2890 2494 2952 Loccenins

281 2993 457 3073 Lips.
512 2993 687 3064 1673.
730 3004 786 3058 8.
832 3006 895 3056 et
938 3016 1072 3057 cum
1116 3004 1263 3056 orat.
1310 2994 1371 3054 in
1416 2994 1615 3055 Cicer.
1661 2991 2082 3069 Ciceronisque
2130 2986 2500 3068 responsoria

289 3089 531 3151 Gallice
574 3093 748 3153 vertit
793 3094 948 3154 Petr.
991 3093 1190 3164 Saliat,
1233 3092 1413 3153 Paris.
1468 3100 1646 3162 1537.
1699 3100 1757 3154 8.
1806 3108 1907 3169 ap.
1957 3087 2103 3148 Sim.
2153 3085 2515 3146 Colinaeum.

289 3186 470 3247 Hanc
510 3187 568 3247 in
598 3189 790 3251 Cicer.
822 3209 1002 3270 quam
1048 3210 1188 3252 cum
1232 3189 1666 3251 declamatione
1713 3188 1774 3249 in
1821 3185 1998 3248 Catil.
2027 3182 2243 3246 Porcio
2271 3181 2514 3243 Latroni

290 3284 386 3343 vel
414 3285 591 3348 Vibio
617 3287 824 3366 Crispo
867 3288 963 3349 alii
1016 3288 1300 3359 tribuunt,
1347 3287 1535 3365 (conf.
1573 3287 1703 3347 Pet.
1747 3282 2071 3345 victorium
2115 3296 2232 3341 xv.
2277 3289 2335 3342 3.
2367 3280 2509 3340 Var.

279 3383 428 3445 lect.
454 3392 517 3443 et
543 3385 639 3445 Jo.
668 3383 1013 3445 Siclmrdum
1078 3385 1137 3445 in
1180 3384 1388 3455 Quint.
1413 3401 1480 3445 v.
1519 3393 1610 3447 13.
1640 3403 1703 3464 p.
1730 3384 1899 3456 474.)
1929 3379 2009 3440 ad
2039 3377 2178 3439 Sall.
2211 3367 2509 3437 auctorem

287 3501 367 3541 ex
421 3480 675 3550 Quintil.
727 3499 819 3543 ιν.
871 3493 927 3543 1.
988 3483 1247 3545 Institut.
1299 3485 1541 3563 Orator.
1594 3481 1774 3542 refert
1841 3477 2063 3538 Paulus
2114 3474 2514 3536 Colomesius.

289 3576 508 3638 Eidem
536 3576 660 3637 sine
689 3579 1084 3643 controversia
1112 3575 1383 3640 tribuunt
1409 3578 1707 3651 Sanctius,
1733 3584 1794 3637 et
1821 3574 1898 3635 ad
1927 3573 2058 3652 ejus
2086 3571 2422 3632 Minervam
2450 3588 2493 3649 p

291 3680 442 3742 387.
470 3673 828 3734 Perizonius.

377 3778 437 3832 5.
481 3770 850 3830 Dechnatio
877 3769 937 3829 in
960 3770 1134 3831 Catil.
1162 3779 1225 3832 et
1249 3770 1368 3832 alia
1393 3771 1453 3830 in
1478 3771 1608 3831 Cic.
1636 3767 1832 3831 Porcii
1866 3765 2137 3828 Latronis
2171 3764 2391 3844 potius,
2419 3773 2523 3823 aut

289 3865 454 3927 Vibii
482 3865 700 3946 Crispi,
728 3865 820 3927 vel
860 3866 1096 3928 alterius
1142 3886 1261 3928 non
1310 3867 1515 3928 insulsi
1558 3865 1836 3928 Rhetoris
1874 3863 2127 3942 antiqui,
2157 3879 2333 3940 quam
2366 3860 2510 3920 Sall·

290 3983 421 4024 esse
463 3961 726 4024 creditur
760 3982 798 4023 a
836 3963 974 4024 viris
1016 3963 1234 4025 doctis.
1314 3962 1467 4023 Vide
1498 3962 1662 4042 Lips.
1694 3963 1866 4023 Orat.
1893 3976 2024 4021 vn.
2052 3961 2222 4018 Voss.
2260 3956 2366 4016 lib.
2396 3971 2510 4018 111.

292 4060 372 4121 de
399 4058 558 4121 vitiis
599 4059 878 4121 sermonis
915 4080 974 4122 c.
1000 4077 1098 4124 vx.
1182 4063 1250 4122 In
1278 4059 1420 4120 cod.
1463 4060 1585 4121 Ms.
1634 4061 1795 4121 Ulm.
1836 4053 2173 4136 Raymundi
2216 4051 2294 4117 de
2336 4053 2513 4139 Kraft

1292 4220 1507 4273 NOTAE

817 4320 838 4350 ⁸
866 4318 1013 4370 Male
1034 4316 1126 4370 alli
1144 4316 1307 4372 libros
1331 4332 1415 4372 ιι.
1434 4319 1523 4371 vel
1542 4330 1628 4370 rx.
1650 4320 1972 4381 computant.
