2984 4892
1161 402 1258 455 m·
1304 406 1686 461 cumens-

702 567 718 601 ι
969 554 1094 601 ata·
1167 554 1267 604 817
1322 554 1386 602 18

313 545 556 612 nvn-e-
592 547 662 602 ut
703 548 756 601 'd
799 547 967 602 abac
1107 552 1151 602 F
1270 588 1286 616 ‚

319 629 540 679 munus
559 616 676 693 ejus
689 617 960 667 contendit
979 617 1144 678 1·’817,
1164 621 1225 665 10
1291 632 1388 682 ρει·

317 695 414 732 vos
454 680 686 733 Quirites
720 683 764 731 F
799 685 915 743 821,
955 686 1017 732 21
1087 681 1256 732 ventis
1291 696 1387 745 per

316 760 453 797 cava
476 755 628 798 torrae
649 745 822 798 citetis
861 748 903 796 F
923 750 1040 808 825,
1061 751 1126 797 18
1187 746 1384 810 ignobi·

315 809 796 870 litateuuiuvidiaiu
820 810 1134 875 scriptorum
1154 812 1386 862 celebra-

317 882 380 928 ta
403 876 444 926 F
463 881 579 936 827,
599 881 665 928 24
747 891 843 940 ρει·
861 891 1057 927 ιιιιιιωιι
1076 874 1273 942 flagitia
1294 877 1384 926 de-

317 940 671 992 trectantibus
694 943 736 992 F
758 946 873 1005 837,
892 946 960 991 28
1024 957 1118 1005 ρει·
1136 942 1384 993 mortales

315 1005 475 1084 ινρὀ
495 1007 774 1085 cupiuntur
801 1009 839 1060 1³
859 1011 975 1085 889,
1005 1011 1037 1057 2
1125 1022 1220 1071 per
1240 1019 1382 1057 ruam

315 1070 1386 1202 23ειῖωέιιῒίῗειιζῗιῗιιιῑῗεῖνῗιῗιιιρῗαῒίξεεςιξὲ

318 1199 582 1254 dedecore
624 1202 864 1266 attigerit
906 1203 949 1252 F
989 1205 1108 1262 848,
1148 1207 1211 1252 18
1287 1217 1384 1267 ρει·

313 1266 584 1317 servitium
638 1275 948 1320 exercerent
1001 1267 1273 1318 victoriam
1339 1268 1384 1317 F

315 1334 437 1393 ⁸⁵0,
455 1337 513 1382 11
566 1335 806 1396 perculsa
825 1331 1096 1383 nobilitate
1115 1332 1150 1384 J
1169 1336 1233 1383 82
1282 1346 1384 1380 mi·-

317 1403 380 1448 tn
401 1397 620 1450 aberam
637 1398 726 1448 06
790 1400 1013 1449 tumultu
1037 1397 1243 1447 insolito
1263 1397 1298 1449 J
1318 1401 1382 1447 88

313 1474 377 1512 re
415 1462 594 1512 entino
616 1470 757 1514 metu
778 1463 813 1515 J
836 1467 902 1512 58
966 1477 1153 1525 magna
1183 1463 1270 1512 alii
1308 1462 1383 1511 in·

399 1526 473 1578 ita
493 1541 551 1577 re
565 1529 601 1581 J
615 1532 682 1578 78
746 1528 894 1580 caede
916 1535 971 1578 et
994 1527 1236 1577 incendio
1256 1527 1299 1576 C
1314 1531 1379 1576 48

260 1635 274 1651 .
315 1592 673 1654 magnitudine
714 1592 957 1643 facinoris
993 1592 1028 1644 J
1069 1597 1134 1662 70
1224 1605 1383 1656 snpra

315 1657 510 1709 bonum
530 1665 687 1723 atque
706 1657 973 1708 honestum
987 1657 1095 1709 ,182
1120 1671 1285 1721 perse
1303 1664 1383 1708 ut·

315 1733 533 1788 rumque
555 1722 661 1772 indi
732 1736 792 1772 ns
816 1724 860 1773 C
885 1726 907 1772 1
951 1722 1190 1788 probitas
1213 1737 1311 1787 per
1322 1737 1382 1772 se

317 1801 502 1866 perum
518 1793 632 1839 tuta
709 1793 770 1840 14
808 1787 918 1837 aliis
933 1786 1189 1839 beneficia
1211 1802 1308 1852 per
1325 1802 1381 1838 se

315 1868 429 1918 rpcc
452 1853 580 1904 dare
601 1854 634 1906 J
659 1857 726 1903 98
765 1861 1004 1904 senectus
1022 1867 1116 1917 per
1139 1867 1196 1902 se
1212 1854 1382 1916 gravia

318 1920 363 1968 Υ
399 1922 516 1980 828,
547 1922 578 1969 8
631 1919 745 1984 ipsa
784 1931 880 1983 per
909 1932 967 1968 se
1004 1918 1170 1967 virtus
1207 1931 1384 1968 amara

318 1984 363 2034 P
402 1987 517 2043 858,
570 1988 630 2035 27
702 1984 776 2034 Co
848 1982 1039 2035 itiones
1079 1982 1381 2047 capitalium

313 2061 490 2099 rarum
509 2047 625 2100 sine
644 2049 784 2099 consi
809 2050 887 2111 iis,
929 2063 1027 2113 per
1055 2062 1111 2098 se
1133 2050 1272 2097 solus
1291 2063 1381 2097 ex·

319 2113 533 2165 ercebat
572 2114 686 2164 Liv.
724 2119 772 2165 1.
795 2116 862 2166 U.
888 2113 949 2164 C.
983 2113 1211 2163 dedecus
1231 2114 1381 2164 amit-

318 2186 432 2229 tere
463 2179 509 2230 C
530 2183 596 2229 20
659 2193 804 2229 arma
835 2193 932 2244 per
954 2177 1162 2228 Italiam
1197 2193 1380 2242 parare

316 2244 362 2298 (Σ
381 2249 450 2296 24
511 2250 769 2295 terrarum
791 2244 969 2294 orbem
988 2244 1031 2293 C
1052 2247 1084 2292 8
1116 2250 1174 2294 et
1193 2239 1257 2293 80
1290 2258 1381 2293 ex·

314 2309 536 2372 ercitum
555 2321 762 2359 omnem
785 2310 829 2359 C
848 2313 911 2360 81
1004 2322 1062 2358 ει·
1078 2322 1167 2358 eas
1192 2323 1247 2358 se
1269 2323 1381 2359 cre-

313 2373 479 2425 debat
497 2388 648 2439 posse
665 2374 879 2424 servitia
894 2388 955 2423 ur
993 2388 1094 2424 ana
1123 2365 1378 2450 solicitet

317 2440 496 2570 5330.
573 2444 1377 2569 igpitatf⁸1¹a“i³⁸0?⁰.i;f:2‘.¹‚²3

316 2569 550 2621 Fulviam
593 2569 887 2634 pollicendo
933 2571 975 2619 C
1018 2573 1106 2623 28,
1178 2583 1257 2618 ea.
1285 2584 1377 2634 po·

317 2642 485 2686 testas
506 2649 602 2700 per
633 2641 870 2685 senatum
901 2634 1227 2698 magistratui
1262 2648 1378 2697 per-

319 2700 548 2751 mittitur
570 2701 612 2750 C
635 2704 702 2750 29
759 2700 894 2754 alios
917 2698 1208 2749 solicitabat
1246 2698 1290 2748 C
1311 2703 1375 2748 40

315 2778 412 2830 per
431 2765 644 2815 insidias
665 2764 1059 2828 deprehendant
1101 2763 1144 2813 C
1172 2766 1236 2812 45
1301 2762 1378 2812 in-

316 2829 498 2882 ducias
519 2840 576 2880 et
614 2831 666 2880 in
698 2844 828 2894 pace
869 2831 913 2880 C
951 2834 1011 2880 51
1080 2828 1246 2878 senati
1285 2828 1376 2878 de·

313 2903 518 2947 cretum
540 2897 718 2946 consul
740 2895 966 2958 gladium
981 2893 1221 2944 eduxerit
1245 2894 1287 2943 C
1310 2898 1370 2941 51

309 2960 576 3012 habendos
595 2974 688 3023 per
704 2960 981 3022 municipia
1000 2960 1117 3010 052
1135 2959 1234 3007 vim
1250 2958 1291 3008 C
1308 2961 1374 3007 52

317 3039 416 3091 ρει·
436 3026 766 3104 ambitionem
791 3024 1127 3100 deliquere-C
1143 3028 1207 3073 52
1242 3037 1374 3087 prae·

313 3090 886 3228 {zeutem
907 3103 1006 3205 ιε·
1038 3089 1242 3204 :3³22
1259 3095 1376 3203 2222:

312 3218 490 3272 faeere
533 3222 578 3271 C
598 3225 664 3271 58
730 3221 965 3270 tramites
1008 3217 1214 3269 occulte
1259 3233 1377 3281 pro-

315 3285 527 3352 fugeret
543 3285 595 3335 in
619 3285 837 3335 Galliam
857 3285 901 3334 C
924 3289 985 3334 57
1023 3298 1118 3347 per
1132 3284 1219 3333 ill·
1244 3291 1374 3333 tem·

313 3366 443 3416 pora
468 3353 652 3415 Remp.
674 3351 939 3414 agitavere
963 3349 1087 3400 (288
1144 3348 1256 3400 Cic.
1350 3363 1376 3398 r

314 3431 406 3467 eos
427 3417 541 3467 dics
562 3417 649 3466 vii.
671 3416 877 3466 Verria.
901 3423 954 3464 et
970 3414 1005 3466 J
1024 3418 1084 3464 11
1120 3429 1288 3464 connu
1326 3414 1377 3465 ia

316 3482 555 3533 Getulos
570 3494 744 3530 secum
756 3481 979 3531 micuere
1000 3480 1033 3531 J
1053 3484 1114 3530 18
1153 3479 1374 3530 bostium

313 3546 681 3604 mattiones]
705 3550 770 3595 28
794 3550 851 3594 et
872 3549 937 3596 88
1002 3544 1171 3594 media
1204 3551 1376 3595 castra

523 3611 743 3662 transire
761 3610 908 3662 ,1107
974 3610 1235 3660 dedecora
1256 3610 1373 3661 (387

410 3676 578 3726 aviam
599 3682 657 3726 et
679 3690 810 3725 vana
831 3675 1038 3739 ingenia
1058 3674 1257 3724 incerta
1281 3690 1374 3737 pro

313 3741 474 3793 cartis
496 3748 712 3805 captare
733 3742 778 3791 C
799 3745 865 3791 20
931 3753 1028 3804 ρει·
1048 3739 1302 3803 ignaviam
1321 3741 1373 3789 in

313 3805 499 3870 pmlio
521 3821 700 3855 sonum
724 3807 859 3856 tubae
883 3804 1059 3855 audire
1081 3819 1182 3854 non
1207 3819 1376 3868 posse,

315 3872 534 3924 auctor.
551 3871 619 3921 ad
636 3871 835 3922 Heren-
856 3871 925 3920 ἰν.
942 3874 1053 3922 188.
1084 3884 1182 3934 ρει·
1198 3870 1373 3932 luxum

314 3942 476 4001 nque
519 3935 775 3998 ignaviam
821 3941 1032 3986 aetatem
1076 3942 1242 4000 agunt
1281 3936 1313 3987 J
1341 3938 1376 3985 2

313 4015 413 4066 per
422 4001 594 4052 otium
614 4002 847 4064 corporis
867 4009 1177 4065 exspectare
1199 4013 1377 4049 senec-

307 4071 483 4116 -tutcm
520 4065 666 4115 Curt.
697 4066 769 4115 ix.
803 4070 856 4126 8,
881 4068 959 4115 19.
1024 4061 1262 4114 fraudem
1285 4064 1375 4129 jus

312 4130 418 4180 fuit
458 4130 496 4180 J
517 4135 558 4180 δ’
612 4131 877 4182 licentiam
916 4130 1227 4181 insolescere
1269 4130 1376 4179 ani·

311 4207 455 4250 amun
473 4195 523 4246 C
542 4202 577 4247 8
636 4196 865 4248 laborem
882 4194 1117 4244 militiam
1142 4194 1378 4245 discebat

314 4263 362 4324 G
383 4265 414 4311 7
477 4261 643 4312 onum
667 4267 1025 4324 torpescerent
1045 4274 1225 4310 manus
1248 4259 1294 4309 C
1313 4263 1380 4310 18

311 4324 606 4378 οεοοῐάἱιιιιι
644 4325 780 4375 vires
796 4322 1067 4384 defluxere
1094 4323 1126 4377 J
1155 4329 1179 4376 1
1247 4324 1380 4374 inso-

443 4408 624 4473 neira.
649 4411 695 4459 οι
724 4406 996 4458 Van-,ctam

2300 394 2527 465 cxxix

1457 552 1674 606 lentiam
1694 552 1929 605 studium
1962 567 2129 606 meum
2162 555 2414 607 extollere
2435 556 2471 610 J
2489 559 2522 610 4

1457 618 1974 684 dolumcapereturJ
1994 624 2052 670 11
2089 623 2527 672 snmmnm‘scelus

1458 684 1689 734 adimere
1728 683 1773 734 C
1793 689 1854 734 12
1918 685 2164 735 virtutem
2205 687 2367 736 emori
2393 687 2436 736 G
2455 690 2522 737 20

1459 748 1837 813 turpitudinem
1857 749 2002 799 abuti
2021 751 2065 800 C
2089 755 2148 801 18
2195 766 2290 814 ρει·
2305 749 2523 802 societa-

1456 819 1564 863 tem
1589 814 1808 878 periculi
1848 815 2070 880 reliquos
2109 816 2245 866 illins
2282 816 2524 881 potentia

1456 883 1663 943 tegeret
1707 880 1833 930 048
1898 894 1994 944 per
2030 880 2173 930 Deos
2208 881 2521 932 immortales

1455 958 1554 1009 quo
1575 944 1667 993 illa
1688 946 1856 994 oratio
1881 946 2128 1008 pertinuit
2153 946 2268 995 051
2337 944 2519 995 furtim

1455 1015 1514 1058 et
1534 1023 1631 1073 per
1649 1010 1922 1059 latrocinia
1943 1009 1978 1061 J
1993 1014 2025 1060 4
2083 1025 2177 1075 ρει·
2195 1011 2520 1060 latrocinium

1454 1073 1698 1137 imposita
1730 1075 1838 1134 lex,
1891 1074 2000 1124 Cic.
2023 1076 2074 1124 in
2110 1075 2284 1125 Pison.
2306 1079 2389 1126 28.
2425 1087 2521 1140 ρει·

1454 1141 1602 1203 regni
1624 1138 1781 1189 tidem
1806 1153 1991 1189 moneo
2029 1139 2364 1205 obtestorque
2394 1140 2427 1191 J
2456 1144 2520 1190 10

1455 1218 1553 1269 ρει·
1605 1205 1772 1253 scelus
1828 1219 2060 1254 crescere
2117 1220 2333 1269 regnum
2386 1203 2421 1256 J
2456 1207 2533 1255 14·

1455 1268 1618 1345 otium
1643 1270 1741 1319 tuti
1772 1268 1808 1319 J
1832 1273 1894 1319 14
1961 1284 2055 1346 per
2077 1271 2406 1386 maiiestatem
2430 1270 2520 1319 im·

1455 1335 1588 1397 peni
1610 1333 1733 1385 ,1.24
1798 1349 2100 1399 sanguinem
2190 1339 2253 1386 14
2320 1335 2396 1384 uti
2424 1346 2519 1398 per

1458 1413 1651 1462 pancos
1705 1397 1967 1467 factiosos⁴
2009 1400 2282 1464 Jugurthae
2350 1401 2519 1450 scelus

1455 1464 1844 1514 condonaretur
1862 1464 1898 1516 J
1915 1470 1977 1515 27
2013 1466 2156 1529 qnasi
2177 1480 2269 1529 per
2289 1474 2518 1518 saturam

1452 1530 1724 1578 sententiis
1745 1530 2014 1594 exquisitis
2033 1530 2064 1580 J
2084 1535 2149 1580 29
2218 1532 2396 1580 Romae
2423 1543 2521 1593 per

1454 1607 1634 1644 omncs
1671 1595 1814 1645 locos
1852 1601 1908 1644 et
1947 1601 2231 1645 conventus
2269 1595 2335 1644 de
2376 1593 2519 1648 facto

1455 1658 1688 1708 Consulis
1730 1659 1913 1723 agitari
1951 1659 1986 1711 J
2010 1664 2074 1709 80
2138 1659 2390 1709 incedunt
2422 1672 2520 1724 ρει·

1455 1738 1548 1773 ora
1570 1730 1746 1774 vestra
1770 1723 2025 1789 magnifici
2048 1724 2081 1776 J
2106 1729 2167 1774 81
2235 1739 2333 1789 ρει·
2355 1739 2522 1778 seces-

1454 1789 1650 1839 sionem
1674 1803 1995 1855 occupavere
2024 1789 2059 1839 J
2083 1794 2144 1839 81
2213 1804 2308 1854 ρει·
2341 1803 2518 1846 manus

1455 1853 1745 1904 libertatem
1788 1853 2113 1905 retinendam
2154 1853 2187 1906 J
2217 1859 2277 1904 81
2359 1853 2518 1904 fidem

1452 1919 1715 1984 publicam
1731 1934 1825 1983 per
1840 1934 1954 1969 sese
1968 1920 2262 1969 inviolatam
2276 1917 2388 1970 fore
2402 1918 2434 1970 J
2453 1921 2517 1969 88

1454 1998 1552 2048 ρει·
1575 1986 1811 2034 tramites
1842 1985 2129 2034 exercitum
2151 1984 2369 2034 ductare
2391 1984 2426 2036 J
2450 1989 2516 2035 38

1454 2050 1688 2100 occultos
1709 2049 1975 2099 antevenit
2004 2049 2039 2101 J
2056 2054 2121 2099 48
2187 2050 2345 2099 colles
2370 2048 2517 2114 sequi

1452 2107 1487 2165 J
1511 2117 1574 2164 54
1641 2128 1736 2178 ρει·
1772 2113 2046 2163 amicitiam
2093 2128 2286 2180 perque
2330 2114 2515 2179 Remp.

1452 2178 1488 2229 J
1530 2182 1597 2229 58
1684 2178 1736 2229 ei
1787 2194 1881 2243 per
1921 2179 2193 2229 maximam
2236 2178 2514 2230 amicitiam

1455 2244 1606 2308 copia
1630 2242 1844 2294 fallendi
1866 2254 1980 2293 erat
2002 2243 2225 2294 maxima
2245 2243 2278 2296 J
2293 2248 2353 2293 61
2390 2246 2516 2296 mul·

1457 2310 1525 2358 tis
1547 2308 1725 2358 diebus
1739 2323 1835 2373 ρει·
1851 2307 2223 2359 dubitationem
2234 2309 2514 2359 consumtis

1452 2371 1488 2425 J
1523 2379 1587 2424 62
1652 2374 1847 2424 hostias
1890 2373 1969 2424 dis
2016 2374 2343 2439 supplicante
2381 2373 2414 2426 J
2449 2377 2513 2425 63

1453 2433 1611 2492 facile
1633 2447 1785 2489 notus
1809 2453 1904 2505 per
1938 2453 2115 2490 omncs
2142 2439 2309 2489 tribus
2343 2435 2516 2489 decla·

1454 2512 1603 2554 ratur
1625 2504 1658 2556 J
1681 2509 1744 2555 88
1814 2505 2143 2570 magistratus
2167 2504 2307 2555 inter
2341 2513 2396 2554 se
2420 2515 2516 2568 ρει·

1452 2584 1631 2619 manus
1658 2569 1901 2621 tradebat
1919 2570 1955 2621 J
1977 2574 2039 2621 88
2105 2570 2247 2636 quasi
2274 2584 2369 2635 per
2390 2570 2518 2619 aini-

1452 2634 1627 2683 citiam
1684 2650 1892 2685 monere
1945 2634 1978 2685 J
2015 2638 2077 2685 84
2160 2634 2249 2684 nbi
2295 2634 2514 2698 primum

1450 2699 1705 2763 potuisset
1722 2714 1813 2763 ριϊ
1825 2714 1888 2748 ne
1927 2699 2030 2747 otia
2042 2698 2243 2762 publicu
2256 2697 2514 2749 facturum

1447 2778 1565 2813 sese
1595 2762 1630 2814 J
1653 2768 1719 2812 61
1788 2715 2056 2813 ιιοὺιῆἰῑειε
2080 2762 2192 2812 fusa
2215 2777 2310 2827 per
2341 2763 2512 2826 legem

1453 2828 1817 2888 Mamiliam-J
1860 2832 1922 2878 85
1956 2850 1963 2856 ·
1999 2843 2192 2906 perque
2228 2841 2316 2877 sun
2355 2836 2513 2878 antea

1451 2891 1678 2943 fideliter
1700 2900 1818 2943 acta
1838 2892 1873 2946 J
1897 2896 1958 2942 71
2030 2894 2152 2942 talia
2186 2893 2398 2942 consilia
2416 2906 2513 2956 per

1452 2960 1611 3007 otium
1652 2967 1792 3008 etex
1822 2958 2210 3023 opportunitate
2242 2960 2359 3021 capi
2390 2957 2422 3007 J
2446 2960 2511 3008 78

1450 3024 1687 3088 quoniam
1711 3023 1764 3072 in
1798 3024 1889 3073 lias
1925 3024 2161 3100 regiones
2185 3037 2279 3087 ρει·
2306 3022 2515 3086 Lepita·

1449 3102 1630 3137 norum
1651 3088 1862 3151 negotia
1885 3102 2110 3140 venimus
2129 3088 2165 3140 J
2181 3092 2245 3140 79
2278 3087 2512 3137 inducias

1450 3151 1776 3216 sponsionem
1803 3152 1999 3203 faciunt
2019 3152 2052 3204 J
2077 3155 2144 3202 79
2209 3153 2321 3202 loca
2343 3165 2512 3216 oeqna·

1449 3218 1521 3267 lia
1556 3225 1737 3268 ventus
1774 3225 1981 3269 coortus
2012 3217 2045 3269 J
2082 3221 2147 3268 79
2211 3231 2304 3282 ρει·
2333 3217 2515 3266 literas

1450 3281 1513 3332 fit
1554 3285 1749 3333 certior
1781 3283 1816 3335 J
1842 3287 1905 3334 82
1968 3282 2261 3346 superbiam
2301 3290 2515 3346 aetatem

1450 3363 1607 3412 agere
1629 3349 1665 3401 J
1689 3353 1751 3399 85
1817 3348 2153 3398 ambitionem
2185 3362 2296 3398 sese
2320 3347 2510 3411 probos

1451 3414 1757 3465 simulavere
1797 3414 1829 3466 J
1853 3419 1914 3464 85
1982 3429 2097 3464 curn
2123 3420 2236 3463 tute
2270 3427 2365 3478 per
2387 3414 2514 3462 mol·

1451 3478 1761 3544 liticm-agas
1776 3479 1811 3531 J
1830 3484 1891 3530 85
1960 3494 2118 3544 pecus
2141 3479 2393 3530 exercitui
2415 3490 2513 3542 ρει·

1452 3546 1715 3594 centurias
1735 3543 2125 3595 distribueratJ
2150 3548 2211 3593 91
2280 3543 2355 3594 uti
2391 3556 2511 3618 pro·

1451 3624 1474 3657 s
1516 3618 1663 3659 ectus
1704 3610 1939 3674 nisusque
1989 3623 2085 3674 per
2136 3622 2262 3657 saxa
2311 3605 2513 3658 facilius

1451 3624 1589 3724 feret
1609 3674 1642 3724 J
1667 3679 1731 3725 94
1795 3674 1944 3740 sigua
1967 3689 2060 3738 per
2091 3672 2288 3736 vigilias
2320 3685 2511 3721 canere

1450 3738 1483 3790 J
1509 3743 1576 3788 99
1637 3738 1843 3804 quando
1882 3753 1976 3802 per
2020 3739 2158 3787 illam
2197 3733 2511 3802 (somnam)

1450 3803 1598 3862 licet,
1620 3803 1858 3855 festinas
1877 3808 1970 3854 102
2004 3817 2099 3867 per
2110 3808 2310 3852 ceteras
2325 3808 2509 3864 gentes

1450 3869 1581 3919 clari
1604 3869 1645 3919 F
1668 3873 1784 3930 274,
1808 3873 1867 3919 15
1937 3883 2031 3932 ρει·
2066 3866 2306 3931 injuriam
2373 3880 2511 3929 uam,

1450 3933 1651 3998 optimo
1664 3935 1784 3996 jure
1809 3935 2023 3990 F2⁷5‚6
2071 3946 2167 3997 per
2186 3931 2335 3981 scele'
2416 3930 2509 3979 irn-

1451 3999 1751 4049 manitatem
1774 4005 1920 4049 tutus
1943 3997 2073 4047 furit
2108 3997 2147 4045 F
2169 3997 2285 4059 275,
2310 4000 2373 4046 18
2417 4002 2511 4046 tae·

1450 4062 1593 4115 dium
1638 4070 1728 4114 aut
1765 4063 2015 4128 pudorem
2051 4059 2337 4126 tyrannidis
2374 4074 2509 4122 esse,

1450 4132 1552 4179 ὅτε.
1588 4129 1628 4179 F
1648 4132 1766 4190 278,
1790 4133 1816 4178 1
1885 4134 1966 4178 tot
1988 4128 2199 4177 vulnera
2219 4133 2274 4175 et
2306 4125 2510 4177 labores

1452 4191 1497 4243 F
1518 4196 1637 4256 278,
1656 4197 1687 4243 7
1751 4205 1894 4242 arma
1932 4192 2058 4243 ibid.
2089 4206 2337 4241 summum
2372 4190 2509 4251 Imp.

1449 4259 1574 4308 satis
1593 4258 1863 4325 qnaesitum
1894 4267 2009 4308 erat
2041 4256 2231 4308 nomini
2253 4255 2510 4321 majorum

1451 4323 1495 4372 1³·
1516 4326 1633 4390 279,
1668 4327 1702 4374 8
1757 4322 1959 4387 ‚literas
2001 4336 2189 4389 gnarus
2226 4322 2268 4372 F
2301 4323 2421 4386 288,
2443 4323 2506 4372 15

1308 4407 1423 4457 lad.
1464 4404 1571 4457 Sd.
1752 4432 1759 4440 ·
2355 4417 2377 4453 s
