2984 4892
930 336 1235 390 murem
1282 328 1389 388 w·
1421 330 1911 392 munci-tm.
2005 298 2014 305 ”
2427 322 2525 396 35

1047 562 1380 650 Apuleius
1404 564 1763 650 Apologia.

380 714 627 802 Neque
652 717 831 783 Cato
860 721 1251 803 gravitatem
1292 722 1585 806 requirit,
1628 688 1843 806 neque
1872 719 2131 787 Laelius
2159 722 2519 817 levitatem,

300 841 505 906 neque
535 820 893 888 Gracchus
918 824 1263 907 impetum,
1292 844 1415 890 nec
1445 824 1684 890 Caesar
1711 825 2023 903 calorem,
2065 844 2193 890 nec
2226 822 2517 891 Horten·-

302 926 435 989 sius
464 925 1022 1005 distributionem,
1047 945 1171 991 nec
1201 925 1454 993 Calvus
1506 927 1821 1011 argutias,
1867 946 1994 992 nec
2033 929 2516 1013 parcimoniam

303 1026 686 1109 Sallustius,
714 1049 838 1094 nec
868 1030 1272 1114 opulentiam
1300 1029 1572 1103 Cicero.
1715 1014 1724 1025 ⁸

784 1234 1028 1301 Festus
1057 1233 1379 1314 Avienus,
1425 1236 1494 1300 in
1531 1255 1652 1301 ora
1680 1233 2039 1302 Maritima.

472 1369 920 1454 Imm-ogasti,
950 1373 1013 1436 si
1037 1376 1243 1450 teueS,
1278 1370 1590 1439 Maeotici

472 1471 657 1537 Situs
682 1472 838 1557 quis
868 1480 1044 1538 esset
1072 1475 1395 1558 aequoris:
1441 1473 1833 1539 Sallustium

473 1574 731 1640 Noram
757 1575 828 1641 id
855 1575 1142 1657 dedisse,
1171 1576 1355 1643 dicta
1383 1582 1451 1642 et
1477 1578 1622 1662 ejus
1651 1578 1953 1643 omnibus

472 1676 947 1764 Praejudicatae
975 1679 1385 1744 auctoritatis
1411 1679 1640 1744 ducier

470 1780 632 1845 Non
656 1784 1064 1863 abnuebam;
1111 1781 1196 1846 ad
1212 1860 1219 1869 ι
1237 1783 1386 1869 ejus
1408 1784 1608 1867 igitur
1635 1782 1952 1867 inclytam

478 1884 1012 1969 Doecdptionem
1036 1889 1194 1968 (qua
1219 1885 1516 1950 locorum
1546 1883 1898 1951 formulam

478 1986 1003 2071 Imaginemque,
1033 2006 1392 2072 expressor
1420 1984 1665 2051 efficax
1693 1985 1850 2070 styli

479 2086 567 2152 Et
596 2090 913 2167 veritatis,
941 2109 1137 2173 paene
1164 2090 1234 2154 in
1263 2089 1531 2153 obtutus
1560 2087 1743 2152 dcdit

480 2191 741 2276 Lepore
765 2176 1047 2276 linguae)
1074 2193 1279 2258 multa
1304 2210 1517 2256 rerum
1536 2189 1916 2275 junximuS.

742 2363 993 2429 Vibius
1022 2364 1380 2448 Sequester
1402 2364 1517 2429 lib.
1552 2361 1637 2431 de
1668 2360 2106 2501 Fluminibus.

394 2483 777 2562 sansana,
807 2489 1039 2548 auctor
1067 2483 1499 2548 certissimus.

520 2655 783 2721 Marius
810 2655 1246 2720 Victorinus
1227 2673 1297 2718 ιιι
1328 2654 1573 2718 librum
1603 2652 1751 2721 Cic.
1783 2655 1868 2721 de
1898 2656 2304 2725 Inventione.

394 2791 710 2858 Historia
735 2797 804 2855 et
826 2791 1052 2875 brevis
1097 2808 1245 2854 esse
1275 2787 1471 2853 debet
1515 2789 1585 2852 in
1634 2793 2076 2874 expositione,
2106 2797 2171 2856 et
2200 2798 2426 2875 aperta
2454 2800 2522 2859 et

308 2894 693 2980 probabilis,
721 2900 794 2959 ut
822 2890 1176 2959 Sallustius
1208 2892 1338 2957 sibi
1371 2892 1593 2957 omnia
1617 2894 1687 2957 in
1718 2892 2010 2958 Catilina
2033 2893 2318 2958 tribuit*

858 3106 1261 3191 sparfianu·
1296 3106 1365 3169 in
1396 3106 1488 3171 D.
1520 3105 1892 3171 Hadriano.

392 3242 671 3308 Amavit
691 3240 1147 3321 (Hadrianus)
1177 3256 1384 3323 genus
1435 3239 1699 3304 dicendi
1743 3224 2101 3317 vetustuin,
2150 3246 2522 3305 controver-

314 3346 446 3433 sias
476 3345 903 3423 declamavit,
952 3342 1260 3407 Ciceroni
1308 3342 1655 3423 Catonem,
1681 3343 1970 3427 Virgilio
2014 3342 2325 3421 Ennium,
2371 3342 2522 3407 Sal-

312 3447 574 3513 lustium
605 3444 822 3511 Caelio
852 3445 1175 3531 praetulit:
1221 3444 1580 3529 eademque
1598 3446 1965 3531 jactatione
1992 3445 2075 3509 de
2106 3444 2406 3510 Homero
2436 3462 2521 3509 ac

312 3548 596 3615 Platone
616 3549 977 3635 judicavit.

980 3736 1327 3825 Vopiscus
1361 3738 1431 3805 in
1461 3736 1850 3805 Aureliano·

312 3876 323 3983 ἶ
390 3890 614 3957 Nemo
644 3892 1071 3979 scriptorum,
1097 3896 1420 3976 quantum
1445 3892 1532 3959 ad
1551 3892 1894 3959 historiam
1919 3890 2227 3977 pertinet,
2256 3907 2390 3953 non
2418 3896 2523 3956 est

306 3992 553 4079 aliquid
598 3992 939 4073 mentitus,
986 3996 1058 4059 in
1085 4015 1220 4081 quo
1263 3994 1519 4077 LiviuS,
1567 3997 1636 4059 in
1683 4017 1815 4081 quo
1856 3993 2236 4070 Sallustius,
2283 3992 2357 4057 in
2386 4011 2519 4077 quo

316 4093 650 4165 Cornelius
677 4097 989 4174 Tacitus,
1018 4096 1088 4162 in
1113 4118 1246 4182 quo
1295 4096 1579 4181 denique
1623 4096 1913 4181 Trogus,
1951 4093 2315 4163 manifestis
2341 4112 2517 4160 erro·

316 4198 484 4267 ribus
508 4203 1088 4269 convincerentur.
