2984 4892
838 374 1143 426 naucum
1186 377 1562 427 enimn.-
1617 376 1781 429 ose.
1826 364 1933 430 11.

259 530 365 572 esse
384 518 615 571 videtur.
665 520 819 571 Idem.

316 599 449 648 Huic
489 600 605 663 quia
646 598 778 647 bonoe
808 603 938 649 artes
971 601 1158 660 desunt,
1202 600 1323 648 ‹idle's

254 679 389 739 utque
416 674 639 735 saliendis
677 675 941 737 contendit]
970 676 1051 724 ‘iu
1076 678 1175 726 Ms.
1202 691 1325 741 quo·

255 749 386 812 dam,
425 766 491 800 ex
529 751 846 800 bibliotheca
881 753 1324 815 merseburgensi,

255 828 460 893 legitur,
482 828 587 877 Hic
607 829 735 892 quia,
754 834 863 891 irc..-
908 838 965 878 ut
1005 828 1067 877 ad
1110 830 1324 878 verbum

253 906 490 956 contendit
536 905 825 967 referatur;
859 905 950 955 sed
988 906 1129 971 prior
1165 906 1324 956 lectio

255 984 456 1032 melior.
528 983 677 1032 Idem.

314 1059 547 1109 Anu-ilia
576 1059 789 1123 pecunie
818 1057 1027 1109 studium
1041 1057 1198 1122 habet,
1219 1055 1325 1120 φη]

259 1138 387 1186 Cato
424 1137 480 1186 in
522 1136 655 1185 libro
690 1136 945 1200 inscripto
991 1137 1212 1186 Carmen
1258 1134 1325 1184 de

258 1214 502 1277 moribus,
526 1213 667 1277 apud
693 1212 920 1262 Gellium
944 1226 1025 1264 xx.
1047 1217 1125 1262 ll.
1150 1214 1166 1240 ‘
1188 1210 1326 1260 Ava-

258 1291 463 1353 ritiamf
498 1290 691 1356 inquit,
724 1291 741 1319 ‘
763 1291 936 1341 omnia
972 1291 1100 1340 vitia
1128 1289 1324 1339 babere

258 1368 552 1431 patrabant?
593 1366 731 1417 Vide
753 1366 982 1418 Gellium
1005 1380 1092 1419 m.
1114 1372 1164 1418 1.
1216 1368 1328 1416 Mu·

258 1444 435 1494 aazias.

326 1520 536 1570 Venetis
574 1521 715 1570 mulis
767 1520 970 1585 imbuero]
1023 1522 1110 1572 Sic
1163 1519 1326 1572 infra:

255 1596 273 1624 ⁴
288 1596 495 1645 animus
512 1596 740 1647 imbutus
762 1597 910 1647 malis
933 1597 1168 1647 artibus)
1211 1598 1329 1647 Liv.

262 1685 472 1724 xxxix.
503 1673 520 1702 ‘
543 1674 694 1724 Illius
727 1681 957 1725 excetrae
980 1673 1332 1723 delinimentis

259 1757 311 1801 et
336 1749 557 1799 venenis
579 1750 864 1804 imbutum!
913 1750 1135 1800 eiaecon.

326 1828 539 1879 Veneni-s
558 1826 723 1890 malis]
778 1829 943 1878 Recte
966 1828 1206 1893 adjunxit
1226 1828 1334 1893 epi-

262 1904 472 1954 theton:
538 1917 779 1969 namque,
819 1910 881 1953 ut
929 1903 1004 1953 ait
1046 1904 1206 1968 Cajus
1268 1904 1335 1954 de

259 1981 421 2031 verb.
447 1981 617 2045 sign!
642 1980 747 2033 Qui
778 1994 1033 2031 venenum
1066 1981 1212 2045 dicit,
1246 1982 1336 2031 ad-

252 2062 424 2126 jieere
458 2061 638 2125 debet,
668 2062 859 2111 malum
900 2074 966 2110 au
1009 2060 1200 2111 bonum
1236 2061 1335 2110 sit:

260 2150 378 2187 nam
422 2142 486 2187 et
530 2137 909 2187 medicamenta
950 2148 1150 2187 venena
1180 2134 1338 2187 sunt!

327 2294 522 2356 eorpus
558 2290 697 2341 virile
734 2291 1030 2355 animumque
1067 2286 1337 2354 effeminat]

260 2368 327 2420 lu
350 2368 597 2430 vetustis,
617 2382 783 2432 corpus
812 2367 1105 2430 animumque
1126 2366 1338 2428 tir-ilem,

260 2443 527 2515 quomode
553 2451 611 2494 et
632 2443 838 2495 Gellius
870 2443 1021 2508 citat,
1054 2457 1152 2493 nec
1194 2455 1341 2492 secus

263 2518 658 2584 manuscripta:
700 2526 883 2584 estque
924 2520 1037 2569 haec
1069 2516 1341 2569 collocatio

268 2598 546 2648 verborum
567 2596 769 2648 melior.
809 2595 1003 2645 Rivius.

329 2676 429 2726 Sed
446 2678 701 2739 postquam
719 2673 781 2722 L.
795 2672 956 2737 Siata]
997 2671 1245 2724 Ostendit
1261 2686 1341 2721 su·

268 2753 468 2817 perias,
483 2750 758 2801 avaritiam
780 2764 891 2799 esse
908 2749 1222 2800 deteriorem
1241 2763 1345 2797 am-

270 2829 471 2878 bitione
490 2845 506 2876 :
572 2833 854 2891 propterea
897 2824 1035 2890 quod
1084 2823 1345 2874 ambitiosi

273 2903 512 2954 homines
535 2909 646 2951 tam
672 2901 790 2951 boui
823 2915 975 2965 quam
997 2900 1118 2949 mali
1153 2899 1345 2949 inveni-

272 2987 478 3041 rentur,
503 2994 569 3030 eo
591 2978 732 3045 quod
754 2978 917 3027 ferme
952 2990 1126 3026 omues
1157 2975 1347 3037 laudis,

276 3064 331 3109 et
352 3058 555 3122 gloriae,
571 3062 629 3105 et
643 3055 849 3118 imperii
866 3052 1043 3118 cupidi
1066 3058 1270 3101 essent:
1295 3052 1348 3101 iu

274 3134 371 3186 hoe
387 3142 570 3186 tamen
589 3130 800 3182 differre
816 3131 1084 3193 videntur,
1103 3131 1240 3196 quod
1259 3130 1350 3181 bo·

273 3226 366 3262 nus
388 3226 519 3261 vera
544 3209 751 3277 virtutis
774 3209 858 3257 via
895 3208 962 3257 ad
1001 3209 1246 3257 honorem
1270 3223 1352 3258 ac-

282 3288 441 3353 eedit,
460 3289 631 3339 malus
654 3292 829 3336 autem
854 3286 990 3336 dolis
1013 3292 1068 3336 et
1087 3282 1354 3335 fraudibus

278 3362 498 3416 honores
536 3364 893 3429 consequitur.
972 3362 1133 3412 Nunc
1178 3369 1355 3411 autem

284 3442 431 3507 dicit,
466 3443 637 3492 multo
662 3440 1083 3505 perniciosiorem
1116 3437 1356 3501 rempub·

284 3517 431 3570 licam
475 3516 705 3568 evasisse
750 3523 985 3579 tempore
1019 3514 1079 3563 C.
1106 3514 1269 3563 Marii
1301 3520 1360 3563 et

288 3596 343 3644 L.
368 3594 549 3646 Suliae.
622 3591 728 3642 Hie
757 3593 815 3643 L.
838 3590 985 3639 Sulla
1003 3588 1122 3653 fuit,
1140 3589 1228 3654 qui
1252 3588 1359 3639 bel·

286 3672 385 3722 lum
418 3671 580 3721 civile
605 3677 792 3719 contra
826 3667 1053 3716 Marium
1076 3666 1271 3730 gessitz
1307 3665 1359 3714 in

290 3766 385 3816 quo
404 3749 623 3815 quidem
647 3747 788 3797 bello
819 3746 1006 3795 multas
1049 3743 1225 3793 clades
1258 3744 1360 3793 Po·

292 3829 410 3892 pulo
451 3828 690 3877 Romano
735 3833 957 3887 uterque
1003 3820 1189 3884 edidit,
1226 3823 1362 3870 sicut

292 3903 425 3967 apud
446 3901 720 3952 Valerium
740 3908 796 3949 et
834 3899 957 3948 alibi
993 3898 1215 3947 habetur
1256 3897 1365 3961 ple·

296 3983 427 4031 nius.
458 3982 585 4030 Van.

322 4052 331 4059 ’
362 4060 509 4108 Bonis
528 4056 711 4120 initiis]
774 4055 1095 4119 Meusliber,
1129 4054 1259 4103 bonis
1292 4054 1365 4102 in-

301 4139 473 4201 ceptis.
519 4136 769 4185 Ciaccon.

2323 362 2454 432 899

1396 519 1726 586 Reipublicae
1763 523 1928 586 stetit,
1961 522 2113 589 eique
2136 522 2331 575 virtute
2364 539 2457 576 sua

1395 598 1612 647 multum
1632 596 1846 663 profuit.
1900 600 2119 649 Socialis
2142 601 2262 650 belli
2285 602 2458 652 incen-

1398 672 1542 724 dium
1579 676 1842 737 extinxit;
1890 678 2063 727 Mario
2104 693 2159 727 se
2198 680 2458 744 opposuit.

1398 749 1591 801 Consul
1627 751 1806 801 Asiam
1845 753 2059 804 sortitus
2097 756 2458 807 Mithridatem

1398 829 1536 893 apud
1593 830 1974 882 Orchomenum
2019 840 2075 882 et
2097 893 2104 901 .
2125 835 2459 885 Chaeroneam

1399 905 1583 967 praelio
1599 903 1753 968 fudit,
1776 905 2089 957 Archelaum
2113 910 2223 974 ejus
2242 910 2461 974 praefec-

1398 986 1509 1030 tum
1543 981 1687 1043 vicit,
1723 984 1990 1050 ipsamque
2022 986 2335 1037 Athenarum
2378 1004 2460 1038 ur-

1400 1056 1518 1106 bem
1542 1058 1766 1123 obsedit,
1786 1061 2050 1126 cepitque,
2069 1063 2281 1113 Portum
2301 1066 2463 1115 Pirae-

1399 1148 1517 1183 eum
1558 1135 1781 1200 recepit,
1819 1137 2027 1199 Medos,
2071 1141 2467 1206 Dardanosque,

1399 1211 1453 1259 iu
1475 1209 1663 1261 itinere
1698 1214 1994 1277 superavit:
2030 1216 2209 1265 Cinnae
2240 1216 2468 1268 domina·

1401 1288 1595 1338 tionem
1607 1287 1793 1353 fregit3
1819 1290 2108 1340 Carbonem
2130 1292 2289 1342 Italia
2308 1308 2468 1358 expu-

1401 1365 1483 1428 lit,
1524 1374 1599 1430 et,
1638 1371 1699 1416 ut
1742 1367 1920 1430 paucis
1966 1368 2246 1430 absolvam,
2298 1371 2472 1420 omnia

1401 1442 1586 1491 tuendi
1628 1442 1848 1493 Senatus
1909 1444 2091 1508 gratia,
2148 1446 2469 1513 publicaeque

1404 1518 1647 1568 utilitatis
1708 1534 1906 1583 caussa,
1961 1534 2115 1585 agere
2172 1521 2468 1593 videbatur.

1409 1594 1651 1644 Tandem
1686 1609 1814 1645 vero
1855 1595 2131 1660 Rempnbl.
2175 1598 2473 1662 occupavit,

1405 1671 1837 1736 tyrannidemque
1860 1672 1913 1720 iu
1935 1671 2075 1720 cives
2092 1673 2348 1723 Romanos
2382 1688 2472 1724 ex-

1408 1749 1593 1798 ercuit,
1662 1748 1803 1798 Hinc
1843 1749 2025 1799 Florus
2085 1749 2138 1797 in
2183 1750 2311 1813 epit.
2359 1750 2471 1802 Liv,

1406 1825 1501 1875 lib.
1526 1837 1807 1876 mxxxvnr.
1847 1826 1863 1852 ⁴
1891 1824 2260 1891 Recuperata,'
2283 1826 2472 1892 inquit,

1410 1905 1427 1933 ⁴
1453 1903 1722 1967 republica
1764 1903 2164 1967 pulcherrimam
2203 1903 2474 1955 victoriam

1411 1979 1722 2031 crudelitate
1762 1979 2058 2045 (quautain
2092 1981 2234 2030 nullo
2272 1980 2477 2032 homine

1412 2072 1637 2123 unquam
1673 2056 1796 2120 fuit)
1826 2057 2135 2123 inquinavit,
2163 2064 2284 2108 octo
2321 2058 2482 2110 millia

1412 2134 1706 2185 deditorum
1726 2134 1778 2182 iu
1800 2133 1884 2183 via
1919 2134 2131 2199 publica
2163 2134 2478 2196 trucidavit;

1412 2213 1644 2263 tabulam
1659 2211 2056 2278 proscriptionis
2076 2213 2481 2277 posuit,urbem,

1414 2297 1470 2340 et
1488 2291 1782 2341 nniversam
1804 2289 2015 2340 Italiam
2056 2289 2286 2339 caedibus
2313 2290 2480 2355 reple-

1413 2367 1526 2434 vit,’
1550 2370 1652 2419 &m
1716 2369 1789 2417 Et
1818 2366 2061 2417 Valerius
2101 2364 2359 2417 Maximus
2396 2380 2482 2418 lx.

1416 2450 1497 2497 11.
1532 2446 1550 2474 ‘
1572 2447 1637 2498 L.
1661 2446 1842 2510 Sulla,’
1880 2447 2069 2512 iuquit,
2089 2446 2105 2475 ⁶
2126 2461 2279 2511 quem
2311 2458 2482 2510 neque

1414 2523 1647 2587 laudare,
1670 2537 1840 2588 neque
1879 2523 2178 2587 vituperare
2211 2522 2483 2588 quisquam

1417 2600 1542 2650 satis
1582 2600 1738 2663 digne
1776 2606 1972 2664 potest,
2008 2600 2098 2665 qui
2136 2599 2260 2648 dum
2300 2598 2490 2664 quoerit

1414 2677 2013 2742 victorias,',Scipiouem
2057 2691 2111 2725 se
2155 2676 2349 2740 populo
2383 2673 2488 2723 Ro-

1417 2769 1569 2806 mano
1591 2771 1605 2816 ;
1630 2753 1750 2804 dum
1774 2755 2025 2803 saevitiam
2056 2758 2290 2813 exercet,
2325 2750 2489 2800 Anni-

1417 2832 1589 2883 balem
1613 2832 2026 2896 repraesentavit.
2092 2830 2318 2894 Egregie
2351 2842 2490 2876 nam·

1424 2923 1524 2975 qne
1569 2908 1882 2958 auctoritate
1929 2904 2145 2955 defensa
2208 2902 2491 2954 crudeliter

1424 2992 1589 3036 totam
1629 2985 1828 3048 urbem,
1889 2991 2046 3047 atque
2101 2994 2277 3031 omnes
2319 2978 2490 3030 Italiae

1423 3070 1602 3127 partes
1621 3059 1788 3110 civilis
1810 3057 2070 3123 sauguinis
2103 3055 2396 3107 fluminibus
2417 3053 2493 3104 in-

1426 3137 1678 3188 undavit!
1742 3136 1880 3186 Vide
1915 3134 2074 3185 etiam
2117 3132 2389 3182 Plutarch.
2436 3131 2492 3181 in

1426 3214 1538 3264 vita
1558 3213 1735 3263 Sullae.
1782 3212 1940 3261 Benn.

1493 3292 1641 3341 Foeda
1686 3289 1984 3352 crudeliaque
2027 3288 2080 3336 in
2121 3286 2240 3336 ciris
2270 3284 2496 3346 facinora

1414 3368 1608 3431 jacere]
1666 3366 1807 3417 Hinc
1832 3365 2121 3428 Sallustius,
2155 3364 2208 3413 in
2249 3363 2402 3413 Orat.
2427 3362 2494 3413 ad

1433 3444 1625 3493 Caesar.
1668 3456 1732 3492 11.
1769 3442 1787 3469 ‘
1811 3439 1896 3490 An
1935 3439 2055 3503 illa,'
2113 3439 2303 3504 inquit,
2341 3443 2356 3467 ⁸
2381 3452 2495 3503 quae

1432 3519 1610 3583 paullo
1635 3525 1757 3568 aute
1797 3517 1894 3567 hoc
1934 3517 2128 3566 bellum
2149 3516 2203 3564 in
2227 3516 2323 3565 Cn.
2346 3514 2500 3564 Pom-

1434 3596 1613 3659 pejum
1644 3594 2016 3656 victoriamque
2040 3592 2302 3641 Sullanam
2334 3591 2498 3639 iucre-

1433 3680 1646 3738 pantur,
1686 3671 1874 3722 oblivio
1919 3670 2169 3720 abstulit?
2235 3665 2502 3718 interfecit

1434 3751 1750 3812 Domitium,
1773 3748 2083 3806 Carbonem,
2107 3748 2349 3808 Brutum,
2372 3745 2500 3794 alios

1437 3828 1565 3878 item
1607 3841 1709 3878 nou
1749 3834 1994 3887 armatos,
2016 3839 2185 3890 neque
2216 3824 2268 3871 iu
2302 3821 2505 3886 praello,

1439 3903 1565 3955 belli
1600 3902 1739 3967 jure,
1761 3903 1854 3952 sed
1891 3909 2073 3967 postea
2108 3900 2365 3965 supplices
2406 3912 2504 3963 per

1441 3995 1694 4032 summum
1734 3981 1900 4029 scelus
1935 3976 2263 4038 interfectos,
2296 3974 2502 4038 plebem

1444 4058 1749 4119 Romanam,
1794 4057 1848 4104 in
1888 4056 2009 4103 villa
2047 4052 2257 4116 publica
2301 4048 2506 4112 pecoris

1441 4133 1596 4184 modo
1617 4132 1950 4193 conscissam,
1982 4131 2081 4178 beu
2111 4142 2262 4192 quam
2297 4125 2387 4174 illa
2424 4139 2508 4174 oc-

370 4216 513 4264 Bonis
554 4212 717 4262 initiis
756 4212 903 4260 malos
944 4213 1136 4258 creatus
1184 4206 1369 4270 habuit]
1444 4212 1589 4260 culta
1633 4209 1822 4259 civium
1866 4204 2076 4255 funera!
2129 4211 2187 4252 et
2222 4200 2508 4265 repentinas

302 4289 435 4341 ’Nam
470 4294 527 4341 1..
556 4288 829 4342 Cornelius
866 4287 1009 4336 Sulla
1056 4302 1085 4335 a
1132 4284 1369 4349 partibus
1445 4286 1617 4336 caedes
1683 4285 1736 4333 in
1779 4286 2050 4347 pareutum
2093 4284 2186 4328 aut
2226 4275 2507 4328 liberorum
