2984 4892
485 388 597 455 lim

495 558 596 616 ego
612 548 700 598 bic
724 546 951 599 curabo:
976 558 1078 612 quo
1100 558 1255 597 sensu
1278 545 1400 595 alibi
1425 542 1564 608 apud

498 614 718 679 eundem
761 628 877 678 pro,
917 626 1116 662 cumam
1155 624 1432 677 apparare,
1470 609 1562 658 sed

496 679 644 729 locus
709 693 813 728 non
877 676 1123 727 occurrit.
1191 690 1311 725 cum
1378 675 1563 724 Accua.

500 744 689 807 Dictys
726 744 784 805 ii,
821 747 886 792 32
963 743 1182 791 alterum
1222 754 1381 789 cornu
1424 739 1564 805 Ajax

502 823 621 859 cum
637 809 703 856 D.
723 808 994 857 curabant.
1041 807 1171 857 Cum
1190 804 1386 855 Dativo
1404 804 1564 868 Apul.

502 878 587 924 42.
637 872 896 938 quendam
912 872 966 920 iu
983 870 1189 921 sinistra
1210 876 1361 935 parte
1382 882 1567 919 curare

500 938 659 1003 jubet
689 938 814 987 062
848 943 902 985 et
934 936 967 987 J
994 940 1055 986 14
1115 949 1217 1001 qno
1253 933 1456 984 facilius
1491 949 1569 982 so-

504 1004 704 1053 ciorum
750 1001 967 1065 injurias
1022 1014 1204 1050 curare
1259 1000 1383 1049 licet
1425 999 1459 1050 J
1507 1002 1569 1047 14

505 1067 726 1116 alienam
770 1080 880 1115 rem
923 1078 1015 1114 suo
1057 1065 1291 1130 periculo
1331 1063 1570 1114 stultitiae

504 1131 788 1182 videbatur
830 1131 865 1183 J
910 1134 974 1180 83
1062 1145 1146 1179 res
1186 1143 1302 1179 suas
1348 1130 1569 1194 quisque

505 1210 745 1247 curemus
792 1195 834 1244 F
872 1199 987 1256 344,
1036 1199 1095 1244 12
1181 1200 1363 1244 curata
1409 1193 1569 1243 ductu

507 1262 623 1325 ejus
647 1261 811 1309 multa
832 1260 874 1309 F
892 1263 1007 1321 327,
1026 1264 1090 1309 23
1140 1258 1464 1322 negotiorum
1489 1273 1575 1306 cu-

508 1334 650 1377 rator
671 1325 804 1374 fidus
826 1338 952 1374 acce
993 1333 1177 1389 tuaque
1198 1325 1232 1376 J
1257 1328 1320 1373 71
1374 1323 1573 1373 curiam

508 1390 559 1442 in
584 1406 631 1441 c.
657 1390 908 1453 impetum
954 1395 1189 1438 acturum
1215 1390 1258 1439 C
1280 1392 1344 1438 43

575 1455 741 1505 Cursu
764 1453 978 1503 tendere
1000 1454 1065 1503 ad
1086 1454 1305 1530 Capsam
1327 1454 1362 1505 J
1378 1457 1441 1502 91

576 1518 859 1569 Custodem
890 1518 999 1579 agri
1031 1519 1228 1583 captivi
1261 1518 1498 1567 Attalum
1534 1518 1575 1565 F

511 1588 629 1699 3³18,
667 1588 728 1634 13
812 1583 1011 1633 civibus
1048 1585 1255 1633 missum
1295 1584 1378 1650 (et
1418 1580 1578 1641 infra)

580 1685 848 1764 Cus’todiae
873 1727 1022 1762 causa
1055 1712 1091 1765 J
1117 1718 1180 1762 65
1248 1713 1300 1761 in
1324 1728 1375 1762 c.
1397 1711 1578 1762 traditi

522 1778 565 1827 C
588 1783 652 1827 50
717 1778 771 1827 in
808 1778 984 1828 liberis
1019 1778 1269 1827 custodiis
1290 1777 1588 1829 habeantur

520 1844 652 1893 047
717 1842 1031 1893 tenebantur
1068 1844 1119 1892 in
1159 1843 1395 1892 custodia
1435 1842 1478 1892 C
1517 1847 1582 1891 50

522 1906 931 2023 ἓεὲιωυηίοἰρὶε
963 1909 1017 1958 in
1047 1908 1292 1959 custodiis
1320 1906 1582 1957 habendos

1028 2169 1076 2218 D

588 2299 875 2350 Dabuntur
911 2298 1080 2350 foedus
1110 2306 1167 2350 et
1204 2298 1435 2351 amicitia
1469 2312 1588 2347 cum

525 2366 771 2415 meruerit
792 2367 825 2416 J
849 2369 914 2414 94
980 2364 1109 2415 dant
1145 2366 1410 2415 servitium
1444 2378 1590 2412 suum

528 2430 824 2481 mercedem
848 2430 891 2479 F
912 2434 1028 2491 275,
1051 2435 1081 2478 5
1149 2430 1399 2491 adimunt,
1421 2432 1522 2477 &a
1549 2428 1591 2477 F

531 2498 648 2557 350,
670 2501 699 2543 5
765 2494 965 2560 signum
993 2493 1142 2543 sociis
1166 2496 1209 2544 C
1236 2499 1296 2545 18
1364 2494 1591 2543 occasio-

529 2573 648 2610 nem
672 2558 933 2623 pugnandi
957 2560 1000 2609 C
1022 2563 1089 2609 56
1142 2558 1330 2609 Casum
1354 2558 1592 2624 praeclari

526 2623 774 2675 facinoris
796 2623 1054 2673 fortunam
1076 2623 1111 2675 J
1129 2628 1193 2674 56
1248 2626 1422 2673 hostes
1441 2637 1594 2687 poene

528 2689 698 2739 victos
718 2690 753 2741 J
778 2695 842 2739 59
907 2689 1045 2738 dono
1084 2689 1126 2738 F
1149 2693 1263 2752 339,
1284 2693 1316 2738 2
1381 2703 1593 2753 operam

531 2753 780 2804 Consules
818 2767 884 2803 ne
915 2753 1038 2818 quid
1080 2754 1395 2819 Respublica
1435 2753 1596 2802 delri-

531 2821 695 2868 menti
719 2826 934 2880 caperet
971 2820 1017 2869 C
1050 2823 1116 2869 29
1182 2818 1447 2883 negotium
1472 2820 1597 2867 Um-

524 2884 695 2935 -breno
739 2884 835 2944 uti,
872 2889 969 2935 dec.
1009 2885 1052 2934 C
1088 2888 1153 2933 40
1232 2884 1409 2934 literas
1449 2883 1493 2931 C
1531 2887 1596 2932 44

533 2950 736 3014 signum
761 2949 885 2999 tuba
907 2950 950 2999 C
971 2953 1037 2998 60
1100 2950 1262 2999 honos
1302 2948 1485 2997 virtuti
1512 2945 1599 2997 da·

535 3021 623 3065 tur
644 3015 675 3066 J
696 3018 727 3064 3
794 3022 1003 3092 senatus
1026 3015 1259 3079 utrisque
1278 3016 1309 3065 J
1335 3018 1396 3064 13
1465 3014 1601 3062 dono

534 3079 1077 3209 '3322'315355322312'
1077 3085 1182 3193 532
1197 3080 1365 3194 524¹}
1385 3081 1602 3192 33³5&

538 3209 745 3273 publica
764 3208 809 3259 C
824 3213 891 3258 48
925 3209 1153 3259 Civitate
1171 3211 1213 3259 F
1231 3213 1424 3270 276,13
1459 3208 1605 3272 quasi

540 3288 636 3337 per
660 3273 928 3323 libidinem
964 3275 1006 3323 F
1045 3278 1162 3338 339,
1196 3278 1226 3324 3
1296 3288 1479 3323 venum
1514 3281 1606 3322 aut

538 3337 676 3387 dono
694 3338 736 3387 F
757 3343 874 3397 277,
889 3344 922 3388 6
966 3352 1147 3403 pacem
1172 3340 1212 3388 F
1236 3342 1350 3399 314,
1370 3343 1431 3388 13
1466 3339 1606 3387 Pon-

538 3409 648 3452 tum
681 3402 891 3451 Cousuli
934 3405 973 3451 1⁴*
995 3408 1112 3468 319,
1134 3411 1163 3453 5
1222 3404 1434 3453 vadibus
1474 3405 1508 3454 J
1540 3407 1602 3452 61

541 3478 780 3532 praeceps
801 3467 955 3517 datus
971 3476 1054 3517 est
1074 3470 1395 3520 ambitioneJ
1415 3472 1479 3517 63
1519 3483 1607 3518 ex·

544 3532 740 3584 ercitus
765 3532 922 3596 Syll-se
950 3533 992 3582 F
1015 3537 1130 3597 326,
1152 3539 1211 3583 11

606 3598 693 3647 De
733 3599 928 3648 virtute
966 3612 1256 3648 memorare
1297 3598 1340 3648 C
1363 3602 1392 3647 3
1461 3597 1603 3648 Cati·

544 3662 664 3713 liuae
710 3662 918 3729 ConJur.
965 3665 1143 3728 paucis
1189 3664 1447 3714 absolvam
1490 3664 1536 3713 C
1579 3666 1610 3711 4

545 3728 688 3779 cives
710 3738 827 3779 cum
850 3744 897 3780 c.
923 3729 985 3777 de
1008 3730 1200 3779 virtute
1224 3728 1499 3778 certabant
1519 3729 1562 3778 C
1579 3732 1613 3776 9

550 3795 714 3843 multa
751 3793 819 3843 de
858 3794 1062 3856 ignavia
1100 3809 1278 3844 eorum
1317 3799 1536 3870 questus
1569 3794 1613 3841 C

552 3862 616 3908 27
685 3858 750 3908 de
790 3859 1068 3922 improviso
1110 3859 1153 3908 C
1179 3863 1244 3908 28
1308 3873 1352 3907 si
1387 3858 1503 3923 quis
1547 3857 1613 3907 de

553 3923 702 3988 Conj.
742 3923 1076 3974 indicavisset
1113 3924 1156 3973 C
1195 3928 1258 3972 30
1331 3923 1398 3972 de
1442 3937 1501 3973 se
1538 3929 1616 3973 te-

550 4001 695 4039 mere
715 3989 991 4039 crederent
1015 3990 1059 4039 C
1076 3993 1137 4039 31
1202 3986 1614 4038 satisfactionem

552 4067 619 4103 ex
644 4053 784 4103 nulla
805 4055 1120 4104 conscientia
1154 4053 1222 4103 de
1249 4054 1401 4117 culpa
1425 4068 1616 4117 propo-

547 4130 673 4169 nere
697 4119 899 4168 decrevi
923 4120 967 4168 C
983 4122 1044 4168 35
1103 4119 1458 4182 interponitur
1480 4120 1619 4168 inter

624 4184 635 4196 ¹
672 4190 743 4233 ct.
768 4190 822 4234 et
844 4184 957 4235 sub.
993 4184 1037 4234 C
1058 4187 1120 4233 37
1190 4185 1361 4234 Multa
1381 4185 1525 4247 prius
1549 4183 1617 4233 de

551 4262 610 4297 ιι
630 4257 720 4297 ute
743 4263 836 4298 sua
853 4250 1151 4300 Pomtinum
1168 4250 1463 4299 obtestatus
1487 4249 1532 4297 C
1551 4254 1615 4297 45

554 4310 679 4377 quid
703 4313 771 4362 de
791 4314 868 4363 his
896 4313 1011 4364 fieri
1033 4315 1242 4381 placeat
1262 4315 1309 4366 C
1326 4319 1397 4365 50
1458 4314 1531 4366 de
1547 4329 1620 4365 ea

1160 400 1411 451 mnax·
1440 386 2010 449 *aasumxrtcus

1639 560 1696 595 re
1718 544 2046 595 referendum
2072 550 2353 594 censuerat
2388 540 2436 593 C
2457 542 2544 592 50’
2591 530 2714 592 cum‘

1639 610 1706 659 de
1730 611 1953 660 Lentulo
1974 611 2266 676 ceterisque
2287 608 2538 659 statuetis
2578 608 2624 657 C
2646 613 2710 659 52
2789 608 2802 617 ’

1643 691 1743 724 non
1778 691 1841 724 ea
1879 674 2093 725 consilia
2130 675 2198 725 de
2233 676 2368 739 Rep.
2406 673 2716 723 habuissent

1642 741 1687 790 C
1709 745 1773 789 52
1823 739 1889 789 de
1908 740 2141 804 Cethego
2156 747 2378 789 sumtum
2397 736 2713 803 supplicium

1643 805 1687 855 C
1712 812 1772 854 55
1842 806 1990 870 cujus
2019 804 2086 854 de
2110 805 2305 854 virtute
2329 805 2362 856 J
2386 809 2418 852 4
2457 804 2539 867 (et
2566 804 2715 920 alibi)

1644 878 1764 935 post
1801 885 1918 919 uam
1957 869 2023 918 de
2065 870 2202 919 bello
2225 885 2405 919 eornm
2433 869 2642 933 accepit

1645 940 1707 985 21
1814 950 1843 983 e
1868 935 2102 984 omnibus
2125 935 2279 984 rebus
2322 936 2555 997 Iaegatos
2598 934 2717 982 mis·

1646 1014 1821 1048 surum
1844 1000 1878 1051 J
1901 1003 1967 1049 22
2032 1000 2097 1048 (le
2120 999 2359 1049 omuibus
2384 998 2718 1063 pactionibus

1648 1079 1877 1129 praesens
1902 1079 2057 1128 agere
2083 1064 2268 1113 statuit
2302 1066 2337 1117 J
2359 1069 2426 1113 29
2495 1078 2595 1127 per
2616 1078 2719 1113 om-

1648 1144 1739 1178 nes
1761 1130 1901 1179 locos
1925 1136 1979 1178 et
2018 1136 2310 1178 conventus
2333 1130 2402 1178 de
2427 1127 2576 1178 facto
2600 1143 2718 1178 con·

1649 1195 1773 1244 sniis
1798 1194 1985 1258 agitari
2008 1194 2039 1245 J
2066 1199 2131 1245 30
2189 1195 2310 1243 talis
2332 1193 2478 1243 fama
2499 1194 2570 1243 de
2593 1194 2719 1242 Cas·

1649 1262 1727 1309 sio
1770 1266 1887 1309 erat
1924 1260 1958 1311 J
1998 1263 2062 1309 32
2132 1266 2369 1310 senatum
2409 1259 2480 1307 de
2519 1258 2720 1308 foedere

1648 1323 1954 1374 consulebat
1995 1323 2033 1376 J
2065 1328 2130 1374 39
2212 1326 2299 1389 qui
2338 1324 2406 1373 de
2449 1339 2585 1387 pace
2631 1330 2723 1373 aut

1649 1390 1787 1439 bello
1807 1404 1923 1440 cnm
1941 1388 2170 1438 hostibus
2223 1389 2456 1439 actiones
2476 1386 2726 1438 fecissent

1648 1454 1682 1506 J
1706 1458 1770 1504 44
1836 1453 2039 1503 solicita
2077 1453 2144 1504 de
2253 1454 2307 1503 lli
2348 1460 2548 1503 eventu
2591 1454 2626 1505 J
2662 1460 2724 1503 55

1650 1518 1718 1568 de
1743 1519 1988 1569 Massiva
2011 1533 2138 1569 nece
2156 1519 2414 1582 judicium
2439 1518 2658 1582 fugerat
2687 1518 2722 1569 J

1650 1589 1713 1634 61
1800 1584 1868 1634 de
1912 1585 2114 1648 integro
2153 1584 2348 1634 bellum
2383 1585 2549 1633 sumit
2587 1583 2623 1634 J
2660 1587 2723 1632 62

1652 1648 2726 1778 3⁸3?32333¹}2&323t23¹32⁵3ss332²

1653 1778 1799 1828 tione
1820 1779 2026 1827 domum
2063 1779 2284 1828 dimittit
2321 1778 2356 1831 J
2395 1783 2462 1827 73
2530 1779 2727 1828 denno

1655 1844 2404 1959 ffiffziataffizffifftz't‘ssssss‘ae
2439 1844 2729 1960 2233AE

1659 1978 1720 2024 85
1778 1974 1845 2023 de
1869 1989 2030 2023 uxore
2055 1974 2228 2037 potnit
2243 1974 2509 2022 honestius
2529 1974 2730 2023 consuli

1659 2039 1690 2090 J
1717 2043 1780 2087 95
1836 2040 1981 2104 quasi
2007 2038 2071 2087 de
2095 2054 2224 2103 pace
2250 2039 2524 2088 veniretur
2548 2040 2603 2087 in
2629 2039 2733 2088 col-

1660 2104 1887 2169 loquium
1911 2104 1944 2156 J
1971 2109 2066 2153 112
2130 2104 2196 2153 de
2233 2104 2342 2153 vita
2380 2112 2543 2168 atque
2580 2114 2732 2167 tergo

1662 2170 1805 2232 regio
1847 2184 1987 2217 more
2026 2169 2292 2219 consulere
2329 2169 2371 2218 F
2404 2174 2526 2228 273,
2566 2173 2598 2217 3
2666 2168 2734 2218 de

1663 2234 1838 2283 reditu
1862 2235 1970 2297 ejus
1991 2236 2158 2297 ivgem
2182 2233 2439 2283 ferentem
2468 2235 2509 2282 F
2529 2238 2653 2293 290,
2674 2238 2734 2282 10

1663 2306 1919 2349 certatum
1943 2301 2187 2365 utrinque
2201 2299 2279 2363 ‚de
2299 2299 2662 2348 dominatione
2685 2300 2736 2348 in

1665 2365 1812 2413 vobis
1837 2365 1906 2413 sit
1928 2364 1969 2413 F
1993 2368 2107 2424 303,
2130 2369 2163 2414 6
2219 2365 2368 2414 victis
2387 2372 2597 2428 tropa-a
2618 2378 2740 2413 con-

1666 2429 1840 2479 stituit
1880 2430 1922 2478 F
1954 2433 2067 2490 328,
2097 2434 2130 2478 6
2198 2430 2292 2478 reli
2329 2429 2480 2478 uide
2505 2428 2736 2478 factione

1668 2501 1790 2544 sunt
1829 2495 1871 2544 F
1900 2498 2015 2557 356,
2055 2500 2080 2544 1
2164 2493 2228 2543 de
2268 2495 2302 2543 il
2326 2495 2370 2543 is
2408 2494 2738 2558 potissimum

1658 2561 1874 2625 jactura
1893 2559 1973 2623 fit,
1995 2560 2118 2624 quia
2147 2559 2301 2623 pretii
2328 2559 2526 2608 minimi
2553 2567 2674 2607 sunt
2699 2559 2740 2608 F

1668 2629 1785 2685 356,
1804 2631 1837 2675 6
1900 2625 1965 2674 de
1991 2625 2208 2689 imperio
2230 2632 2438 2674 certare
2471 2625 2514 2673 F
2537 2629 2657 2687 356,
2677 2628 2740 2673 32

1669 2690 2009 2747 laborandum
2034 2691 2196 2739 visum
2218 2696 2297 2739 est
2318 2690 2388 2738 de
2406 2705 2610 2739 summa
2627 2702 2744 2739 cou-

1670 2755 1770 2804 silii
1794 2756 1836 2804 F
1859 2759 1974 2817 358,
1997 2759 2060 2805 18
2124 2770 2240 2805 cum
2264 2755 2332 2804 de
2351 2754 2511 2804 exilio
2551 2764 2642 2805 tuo
2665 2770 2743 2804 re-

1671 2820 1794 2870 disti
1820 2821 1860 2869 F
1882 2824 1999 2884 365,
2022 2826 2048 2870 1
2118 2820 2185 2870 de
2209 2820 2392 2870 Sextio
2412 2822 2549 2873 male
2567 2819 2746 2869 existi·

1672 2901 1781 2935 mas
1805 2886 1846 2934 F
1867 2889 1984 2947 365,
2006 2891 2038 2934 4
2104 2885 2275 2950 deque
2298 2901 2364 2934 ea
2397 2900 2455 2934 re
2479 2886 2746 2950 postulant

1673 2952 1751 3001 nti
1775 2949 2034 3000 referatur
2057 2951 2099 2999 C
2121 2955 2190 3000 48

1741 3015 1984 3066 Debebat
2014 3017 2261 3078 grandem
2293 3015 2570 3079 pecuniam
2607 3014 2651 3065 C
2683 3017 2746 3063 49

1678 3082 1896 3144 gratiam
1920 3081 1953 3133 J
1978 3085 2072 3130 110
2137 3079 2251 3130 fore
2273 3087 2333 3130 ut
2367 3081 2442 3129 illi
2468 3080 2745 3145 plurimum

1678 3146 1959 3203 deberetur
1980 3147 2010 3197 J
2043 3148 2132 3194 111

1745 3211 2013 3261 Decebat:
2066 3210 2234 3265 locum
2285 3209 2566 3259 editiorem
2609 3208 2750 3273 capit

1680 3292 1833 3341 qnam
1876 3274 2159 3325 victoribus
2200 3274 2422 3324 decebat
2475 3275 2520 3324 F
2563 3278 2681 3333 288,
2716 3277 2748 3322 8

1682 3356 1795 3405 quae
1822 3341 1888 3390 ab
1911 3342 2224 3405 imperatore
2242 3339 2539 3401 decuerint,
2561 3352 2628 3388 ea
2649 3353 2748 3387 on—

1680 3408 1770 3455 nia
1792 3407 1896 3455 suis
1919 3406 2128 3470 provisa
2162 3404 2194 3455 J
2230 3410 2298 3454 49
2362 3404 2556 3453 decere
2579 3403 2754 3453 existi-

1683 3471 1819 3520 mavi
1842 3486 1993 3521 unam
2016 3486 2082 3518 ex
2105 3476 2213 3520 tam
2238 3470 2411 3518 multis
2425 3469 2752 3533 perscribere

1681 3536 1714 3588 J
1740 3539 1805 3589 30
1859 3535 1974 3585 illos
1997 3550 2146 3600 aeqno
2171 3535 2342 3583 animo
2366 3535 2480 3598 pati
2501 3535 2751 3599 reliquum

1683 3601 1914 3650 laborem
1936 3601 1970 3653 J
1993 3604 2058 3651 67
2124 3613 2434 3665 quemquam
2458 3599 2753 3649 abiner-mis

1684 3666 1901 3731 pedibus
1926 3664 2172 3715 auxilium
2196 3671 2380 3729 petere
2408 3664 2440 3715 J
2471 3668 2568 3713 107
2625 3678 2754 3715 sim-

1685 3746 1771 3780 ma
1792 3747 1890 3795 ope
1910 3732 2004 3781 niti
2038 3730 2078 3779 F
2100 3734 2215 3790 352,
2236 3734 2302 3779 26
2368 3732 2436 3779 ab
2461 3730 2542 3779 ira
2567 3743 2756 3779 vacuos

1687 3811 1800 3845 esse
1822 3797 1866 3847 C
1885 3801 1944 3844 51
2004 3797 2056 3845 in
2073 3797 2297 3845 maxima
2314 3793 2531 3845 fortuna
2550 3796 2755 3843 minime

1690 3861 1840 3911 irasci
1865 3862 1909 3911 C
1929 3865 1990 3910 51
2059 3874 2196 3910 curae
2216 3875 2330 3909 esse
2346 3861 2438 3925 jus
2461 3870 2522 3909 et
2543 3859 2758 3924 injurias

1688 3940 1866 3977 omnes
1892 3927 1954 3976 P.
1979 3926 2044 3975 R.
2067 3926 2100 3978 J
2124 3929 2188 3975 14
2253 3925 2446 3974 terrori
2467 3938 2586 3975 esse
2613 3939 2702 3974 vos
2725 3922 2759 3976 J

1755 4056 2026 4107 Decedere
2047 4054 2206 4105 Italia
2236 4055 2273 4106 J
2297 4058 2357 4103 35

1756 4121 2056 4171 Decet-nere
2093 4132 2253 4184 genus
2285 4133 2452 4182 poenoe
2490 4132 2681 4169 novun
2715 4118 2758 4168 C

1691 4191 1752 4235 51
1812 4185 1879 4235 de
1902 4185 2183 4250 conjuratis
2202 4186 2245 4234 C
2261 4188 2326 4233 52
2381 4184 2638 4248 supplicia
2659 4185 2759 4234 Dis

1691 4251 2065 4301 immortalibus
2086 4251 2117 4301 J
2143 4256 2206 4299 55
2256 4249 2500 4298 decernit
2519 4250 2600 4299 uti
2617 4250 2760 4299 eeu.

1687 4315 1948 4368 dilectum
1978 4315 2209 4366 habeant
2241 4315 2292 4366 C
2327 4318 2396 4365 36
2460 4314 2758 4366 (κοτε-ἰιι
