2984 4892
1164 397 1740 456 coRoLLARmM.

339 539 395 591 in
416 540 662 593 Pisonem
691 542 760 592 de
783 542 883 593 boc
902 549 1061 607 atque
1082 542 1195 592 aliis
1216 542 1282 592 ad
1306 543 1412 608 glo-

336 618 467 668 riam
505 635 651 669 suam
689 620 1076 683 spectantibus:
1133 622 1147 648 ‘
1174 621 1296 683 Me,’
1338 621 1413 669 in·

337 696 473 760 quit,
492 695 509 723 ⁶
533 698 600 746 Q,
626 697 860 758 Catulus,
898 697 1141 761 princeps
1163 698 1312 761 hujus
1334 713 1412 748 or·

336 772 491 836 dinis,
529 781 587 824 ct
610 781 790 823 auctor
823 773 1018 837 publici
1053 775 1270 838 consilii,
1305 773 1409 824 fre-

337 850 683 916 quentissimo
708 857 890 899 senatu
923 860 1192 914 parentem
1221 854 1407 914 patriae

332 926 643 975 nominavit.
708 926 838 974 Mihi
864 925 947 986 bip
971 925 1048 974 vir
1082 926 1409 991 clarissimus,

334 1003 428 1069 qui
465 1009 685 1067 propter
719 1008 774 1052 te
810 1001 979 1066 sedet,
1003 1004 1063 1054 L.
1085 1003 1309 1065 Gellius,
1331 1004 1407 1054 his

335 1079 686 1144 audientibus,
705 1079 924 1130 civicam
949 1094 1189 1128 coronam
1226 1080 1405 1129 deberi

332 1172 365 1208 a
383 1173 496 1223 rep.
516 1157 665 1210 dixit.
682 1158 812 1208 Mihi
836 1165 1017 1222 togato
1038 1166 1267 1223 senatus,
1284 1173 1409 1222 non,

330 1243 394 1286 nt
417 1237 615 1297 multis,
640 1237 771 1287 bene
796 1236 1083 1300 gestae,sed
1110 1242 1167 1285 ut
1189 1237 1399 1295 nemini,

332 1320 659 1363 conservatae
715 1313 866 1376 reip„
919 1312 1166 1377 singulari
1211 1327 1402 1376 genere

330 1391 745 1455 supplicationis,
783 1393 1016 1441 Deorum
1041 1392 1400 1443 immortalium

328 1468 529 1532 templs
550 1464 840 1531 patefecit)
890 1467 1035 1518 Idem
1060 1469 1125 1518 sd
1148 1468 1402 1535 Atticum,

327 1543 431 1594 Cn.
477 1542 784 1607 Pompejnm
841 1542 1063 1595 affirmat
1108 1545 1156 1595 in
1203 1555 1401 1610 senatu,

325 1635 434 1670 non
471 1622 650 1685 semel,
690 1621 781 1671 scd
822 1637 981 1686 sepe,
1017 1624 1188 1673 multis
1227 1626 1399 1676 verbis

325 1700 574 1750 Ciceroni
595 1701 812 1751 salutem
835 1702 1037 1766 imperii
1069 1711 1224 1768 atque
1256 1704 1397 1754 orbis

324 1784 586 1827 terrarum
609 1776 951 1840 adjudicasse.

390 1855 462 1904 V.
496 1853 768 1905 Postremo
806 1863 980 1906 statua
1002 1872 1118 1907 cuin
1157 1858 1398 1910 inaurata

325 1932 528 1997 Capuae
553 1932 856 1983 decuriones
883 1933 1216 1998 decorarunt,
1239 1941 1293 1985 et
1309 1951 1396 2001 ps-

324 2017 538 2059 tronnm
570 2009 901 2074 adoptarunt,
939 2017 1156 2074 propter
1174 2011 1393 2061 salutem

318 2087 461 2137 illius
516 2087 657 2136 urbis
713 2087 984 2136 consulatu
1038 2094 1393 2138 conservatam

320 2178 454 2213 sno:
491 2169 551 2213 ut
572 2163 792 2226 ipsemet
827 2177 922 2225 pro
951 2164 1008 2212 P.
1031 2164 1200 2213 Sestio
1240 2171 1394 2214 testa-

322 2245 431 2290 tur.
488 2239 602 2290 Sed
631 2247 687 2289 et
724 2239 778 2288 in
809 2239 1080 2289 Pisonem:
1121 2242 1136 2267 ‘
1163 2240 1392 2291 Quorum

319 2316 556 2379 Θαμοῦς
578 2316 763 2381 inquit,
794 2317 808 2342 ‘
836 2324 888 2366 te
915 2324 1286 2380 praetextatum
1311 2333 1393 2368 ue-

317 2406 410 2442 mo
432 2392 656 2456 aspexit,
691 2392 777 2457 qui
812 2406 914 2441 uon
938 2400 1168 2456 gemeret
1191 2394 1392 2443 deside-

320 2470 404 2519 rio
429 2469 548 2532 mei,
563 2468 709 2531 cnjus
725 2468 936 2518 consilio
957 2483 1073 2517 cum
1097 2470 1391 2519 universam

318 2561 491 2611 remp.
526 2560 640 2596 cum
664 2546 802 2594 illam
827 2546 989 2609 ipsam
1013 2546 1194 2596 urbem
1219 2548 1392 2596 memi-

317 2630 511 2674 nerant
547 2638 661 2673 csse
682 2628 961 2671 servatam.
1030 2623 1121 2670 Me
1154 2623 1394 2673 inaurata

317 2707 496 2753 statua
526 2700 798 2759 donarunt,
820 2713 901 2746 me
927 2706 1198 2762 patronum
1234 2714 1388 2750 unum

319 2778 638 2833 asciverunt,
659 2791 690 2825 s
711 2790 793 2824 me
814 2790 870 2823 se
891 2775 1081 2824 habere
1098 2775 1274 2839 vitam,
1291 2775 1392 2825 for-

316 2864 496 2919 tunas,
536 2852 730 2903 liberos
769 2852 1190 2902 arbitrabantur!
1256 2854 1389 2904 Haec

318 2933 526 2984 Cicero.
611 2929 714 2980 Sed
760 2929 884 2994 quid
940 2929 1007 2979 de
1049 2928 1148 2980 hoc
1192 2930 1388 2994 uspiam

316 3008 630 3061 Sallustius?
695 3006 857 3059 Quasi
896 3021 1021 3055 vero
1066 3014 1119 3055 et
1160 3007 1288 3068 haec,
1334 3015 1390 3057 et

318 3087 419 3137 boc
444 3100 604 3150 genus
628 3085 731 3134 alia
755 3096 855 3132 non
880 3085 1042 3132 multo
1061 3084 1126 3131 sd
1154 3098 1260 3131 rem
1288 3099 1390 3134 ms·

319 3164 399 3229 gis
433 3162 687 3224 facerent,
724 3175 874 3226 quam
915 3166 1008 3208 aut
1042 3160 1129 3208 ills
1155 3166 1387 3210 veterum

318 3240 664 3289 Romanorum
689 3236 817 3296 laus,
839 3233 1009 3298 deque
1032 3235 1295 3297 corruptis
1313 3250 1388 3285 se·

319 3314 424 3366 culi
465 3313 542 3363 sui
586 3311 810 3361 moribus
852 3311 1095 3375 querela:
1133 3322 1223 3359 aut
1263 3325 1387 3360 vero

320 3400 427 3442 tam
446 3390 673 3440 libenter
694 3402 754 3437 ac
779 3387 976 3452 prolixe
1000 3386 1251 3436 tributum
1274 3386 1387 3436 Cae-

319 3468 421 3518 sari
447 3465 736 3529 Catoniqne
766 3463 1101 3528 praeconium.
1154 3464 1385 3512 Quorum

317 3552 377 3594 ut
399 3551 622 3607 uterque
660 3538 823 3590 fuerit
860 3539 1046 3588 merito
1080 3537 1385 3600 laudandus,

319 3619 539 3672 Caesaris
560 3625 733 3670 tamen
769 3617 822 3667 in
855 3615 1116 3682 laudibus,
1151 3630 1309 3683 quum
1330 3623 1385 3667 et

2420 387 2549 456 511

1488 544 1600 608 ipse
1641 544 1711 594 sit
1752 545 2118 610 conjurationis
2141 545 2372 597 creditus
2397 548 2554 612 parti-

1488 635 1633 685 ceps,
1665 622 1861 671 tamdiu
1886 625 2207 688 commorari,
2243 640 2551 690 supervaca-

1487 714 1642 750 neum
1686 716 1800 751 esse
1842 703 1967 753 mihi
2014 704 2233 767 videtur,
2275 720 2339 755 ne
2380 705 2547 756 dicam

1486 784 1680 842 praeter
1719 778 1981 829 decorum.
2050 782 2186 830 Nam
2223 782 2312 832 illa
2349 783 2415 832 de
2454 783 2552 833 ori-

1486 853 1607 916 gine
1643 856 1800 905 Urbis
1840 864 1895 905 ct
1930 857 2189 922 corruptis
2236 860 2411 924 populi
2451 861 2552 911 Ro·

1485 933 1621 981 mani
1646 934 1891 996 moribus,
1921 934 2179 1000 initiisque
2214 944 2439 987 motuum
2477 940 2550 989 ci·

1484 1008 1678 1070 vilium,
1700 1010 1809 1060 sive
1832 1027 1862 1061 a
1885 1013 2147 1076 proposito
2167 1013 2435 1079 digressio,
2455 1030 2545 1066 seu

1484 1086 1677 1148 verius,
1706 1087 1859 1140 altior
1879 1089 2144 1153 repetitio,
2176 1099 2437 1155 utcunque
2461 1106 2549 1142 no·

1482 1161 1680 1212 minare
1707 1163 1901 1226 lubeat,
1937 1179 2032 1214 nec
2057 1166 2227 1214 aliena
2251 1181 2462 1230 prorsus
2480 1168 2549 1218 ab

1479 1237 1709 1288 historiae
1742 1248 2044 1303 argumento
2077 1243 2305 1304 videtur,
2337 1251 2392 1293 ct
2419 1244 2549 1295 Lec-

1481 1316 1581 1364 tori
1608 1315 1803 1365 accidit
1825 1331 1924 1365 non
1943 1317 2164 1382 ingrata.
2233 1319 2335 1369 Sed
2355 1320 2419 1369 de
2443 1321 2544 1371 hoc

1470 1390 1582 1455 jam
1609 1393 1752 1454 satis,
1774 1393 1928 1443 modo
1948 1409 2102 1445 unum
2127 1395 2391 1447 addidere.
2447 1398 2546 1448 Mi-

1480 1482 1537 1517 re
1560 1468 1836 1518 Sallustius
1848 1470 1942 1518 hoc
1958 1470 2264 1534 dissimulat,
2283 1474 2541 1524 caesarem

1476 1544 1635 1596 finisse
1659 1546 1796 1596 inter
1819 1549 2111 1611 conjuratos
2136 1549 2369 1600 habitum
2390 1567 2401 1599 :
2440 1566 2544 1615 qua

1477 1623 1543 1673 de
1579 1638 1634 1674 rc
1664 1632 1765 1673 tam
1806 1626 1965 1673 muita
2001 1626 2208 1674 interim
2249 1627 2544 1690 Suetonius,

1474 1701 1626 1765 cujus
1649 1716 1764 1751 cum
1787 1702 1964 1774 primis
1987 1701 2231 1765 probatur
2255 1704 2305 1751 in
2329 1703 2542 1753 historia

1474 1777 1622 1827 fides.
1689 1779 1824 1828 Nam
1861 1779 1938 1829 his
1978 1780 2029 1828 in
2071 1780 2414 1844 suspicionem
2455 1796 2541 1831 ve-

1472 1854 1607 1903 nisse
1632 1854 1776 1905 illum
1803 1863 2041 1919 testatur,
2063 1857 2206 1921 quasi
2229 1858 2544 1921 conspirarit

1474 1946 1593 1981 cum
1635 1931 1711 1983 M.
1754 1934 1942 1983 Crasso
1987 1934 2262 1996 consulari,
2308 1935 2432 1983 item
2474 1934 2539 1983 P.

1470 2009 1615 2058 Sulis
1632 2017 1686 2060 et
1701 2008 1977 2072 Autronio,
1999 2019 2116 2074 post
2137 2009 2538 2074 designationem

1472 2087 1766 2137 consulatus
1787 2087 2012 2138 ambitus
2025 2086 2398 2139 condemnatis.
2440 2090 2541 2140 Cu·

1458 2162 1548 2226 jus
1584 2163 1959 2228 conjurationis
1999 2165 2344 2214 meminerunt
2366 2166 2541 2215 Tanu-

1470 2238 1574 2287 sius
1595 2239 1848 2290 Geminns
1872 2241 1923 2288 in
1947 2240 2182 2303 historia„
2218 2241 2295 2290 M.
2318 2242 2539 2297 Bibulus

1469 2315 1522 2363 in
1547 2316 1753 2377 edictis,
1796 2317 1856 2365 C.
1887 2316 2043 2367 Curio
2068 2325 2220 2381 pater
2245 2317 2295 2366 in
2330 2319 2539 2368 Oratio-

1468 2391 1649 2441 nibus:
1689 2392 1754 2441 de
1778 2408 1879 2457 qus
1911 2400 1964 2444 et
2005 2394 2187 2444 Cicero
2224 2396 2275 2443 in
2314 2396 2535 2459 quadam

1467 2468 1534 2516 ad
1563 2467 1772 2517 Actium
1807 2470 2026 2536 epistola
2065 2470 2359 2535 significare
2397 2471 2541 2522 vide·

1468 2550 1571 2594 tur.
1651 2545 1751 2594 sed
1793 2553 1849 2596 et
1883 2555 2126 2596 auctores
2164 2563 2276 2597 csse
2316 2549 2410 2610 ait,
2448 2549 2537 2613 qui

1467 2634 1585 2669 cum
1627 2620 1722 2670 Cn.
1770 2622 1926 2671 etiarn
1975 2623 2166 2672 Pisone
2209 2625 2533 2687 con-pirasse

1467 2697 1724 2748 Caesarem
1752 2705 2027 2749 testentur.
2095 2701 2230 2749 Nam
2260 2697 2418 2749 finisse
2459 2701 2533 2752 in-

1467 2779 1550 2822 ter
1591 2775 1757 2824 socios
1801 2775 2038 2825 Catilinae
2083 2777 2422 2839 nominatum,
2479 2785 2535 2828 et

1464 2852 1604 2913 apud
1645 2852 1869 2902 Novium
1905 2853 2122 2917 Nigrum
2167 2862 2478 2918 quaestorem
2504 2870 2536 2905 a

1467 2928 1735 2980 LVettio
1770 2928 1961 2989 indice,
1998 2936 2052 2978 et
2093 2929 2141 2977 in
2178 2931 2374 2979 Senatu
2405 2944 2434 2978 a
2460 2931 2527 2983 Q.

1466 3006 1660 3066 Curio;
1696 3021 1914 3069 quorum
1953 3005 2037 3055 hic
2078 3020 2107 3054 e
2147 3006 2377 3054 Catilina
2417 3021 2531 3056 sese

1464 3082 1765 3146 cognovisse
1785 3082 2005 3143 diceret,
2029 3081 2116 3144 ille
2140 3081 2532 3145 chirographum

1466 3171 1671 3221 quoque
1696 3157 1806 3220 ejus
1840 3156 2078 3206 Catilinae
2105 3156 2279 3206 datum
2318 3157 2531 3221 pollice-

1464 3239 1613 3281 retur
1628 3249 1640 3293 ;
1655 3232 1926 3282 Suetonius
1942 3234 2050 3297 ipse
2065 3231 2330 3282 coufirmat
2345 3251 2356 3282 :
2373 3249 2533 3298 qivan-

1463 3308 1656 3359 tumvis
1670 3310 1764 3357 hoc
1780 3308 2100 3358 dissimulare
2118 3317 2294 3358 noster
2307 3309 2534 3366 studeat.

1462 3384 1652 3451 Itaque
1677 3400 1740 3434 an
1762 3384 1844 3434 hic
1866 3386 2008 3434 nulla
2030 3386 2210 3450 gratia²
2229 3387 2278 3434 in
2303 3386 2533 3436 scriben-

1461 3460 1531 3509 do
1552 3462 1620 3510 sit
1636 3460 1879 3527 suspicio,
1895 3460 2108 3511 aliorum
2133 3461 2527 3526 estojudicium.

1463 3537 1653 3588 Rivius.
