2984 4892
511 406 646 478 812
1165 420 1564 474 asenneus
1625 418 2063 469 nm‘rionuu

519 570 1019 657 1·521c.·cris'pi
1065 576 1316 637 Sallustii
1369 575 1445 635 de
1477 573 1895 653 ‘conjuratione
1950 569 2241 633 Catilinae.
2313 568 2608 649 Ejusdem
2648 569 2736 633 de

594 676 755 736 bello
779 676 1156 755 Jugurthino.
1227 674 1542 737 Orationes
1588 672 1857 750 quaedam
1901 691 1974 729 ex
2019 668 2183 729 libris
2228 667 2626 728 Historiarum
2657 670 2739 731 C.

596 773 790 852 Crispi
839 773 1115 832 Sallustii.
1208 770 1488 848 Ejusdem
1542 769 1750 827 Oratio
1807 777 2012 825 contra
2065 767 2154 824 Μ.
2209 765 2287 824 Τ.
2348 765 2741 827 Ciceronem.

595 870 688 930 M.
716 870 792 929 T.
824 869 1126 930 Ciceronis
1153 868 1338 928 oratio
1367 877 1574 925 contra
1601 866 1673 925 C.
1703 864 1979 942 Crispum
2009 862 2369 922 Sallustium.
2440 862 2741 940 Ejusdem

597 968 887 1028 orationes
941 978 1193 1044 quatuor
1235 975 1437 1025 contra
1487 964 1557 1024 L.
1591 962 1924 1023 Catilinam.
1996 960 2190 1019 Porcii
2220 960 2493 1020 Latronis
2536 961 2745 1022 decla-

595 1063 780 1124 matio
800 1074 1006 1122 contra
1037 1064 1104 1122 L.
1137 1062 1474 1122 Catilinam.
1535 1061 1687 1129 Quae
1705 1058 1900 1119 omnia
1915 1057 2110 1117 solerti
2137 1076 2324 1134 nuper
2352 1076 2498 1118 cura
2526 1076 2745 1137 repur-

595 1170 731 1240 gata
786 1169 942 1230 sunt,
997 1180 1068 1219 ac
1124 1179 1231 1218 suo
1281 1176 1534 1236 quaeque
1580 1154 1785 1214 ordine
1831 1151 2337 1232 optime-digesta.
2408 1155 2478 1212 In
2522 1154 2738 1216 calce:

600 1266 622 1297 ⁸
641 1254 894 1317 venetiis
919 1256 977 1315 in
997 1254 1221 1316 aedibus
1251 1254 1385 1314 Aldi
1425 1262 1485 1311 et
1527 1252 1779 1310 Andreae
1807 1248 2046 1310 Asulani
2075 1249 2295 1321 Soceri,
2323 1269 2528 1309 mense
2559 1251 2744 1311 lann-

594 1352 718 1414 ario
749 1356 1084 1414 καὶαι]
1109 1351 1450 1413 8.-Editio
1485 1348 1734 1430 egregia.
1808 1349 1986 1408 Extat
2026 1349 2083 1407 in
2115 1348 2261 1408 bibl.
2305 1348 2554 1426 Bipont.
2587 1350 2739 1409 olim

597 1450 831 1510 Ducali.

511 1577 597 1598 ³-
621 1546 814 1624 Crispi
861 1546 1123 1607 Sallustii
1171 1546 1248 1606 (le
1303 1545 1708 1623 conjuratione
1765 1544 2055 1605 Catilinae.
2128 1541 2413 1620 Ejusdem
2457 1543 2535 1604 de
2578 1542 2741 1604 bello

593 1644 969 1723 Jugurthino.
1041 1643 1319 1721 Ejusdem
1367 1645 1551 1703 oratio
1597 1652 1803 1704 contra
1844 1645 1935 1703 M.
1963 1643 2044 1702 Τ.
2074 1644 2447 1702 Ciceronem.
2520 1642 2619 1701 M.
2648 1640 2737 1700 Τ.

595 1739 897 1802 Ciceronis
940 1742 1126 1801 oratio
1167 1752 1372 1801 contra
1418 1742 1491 1800 C.
1522 1740 1797 1820 Crispum
1848 1739 2209 1801 Sallustium.
2290 1737 2579 1815 Ejusdem
2608 1741 2742 1797 ‹ira-

595 1835 782 1898 tiones
812 1849 1062 1917 quatuor
1086 1847 1294 1899 contra
1324 1840 1392 1898 L.
1423 1838 1752 1899 Catilinam.
1835 1837 2015 1898 Portii
2062 1836 2328 1897 Latronis
2374 1834 2737 1895 declamatio

592 1946 800 1995 contra
848 1937 915 1996 L.
962 1936 1289 1997 Catilinam.
1361 1935 1679 1997 Orationes
1707 1935 1977 2015 quaedam
2028 1954 2102 1994 ex
2145 1934 2308 1994 libris
2357 1932 2737 1992 historiarum

595 2032 667 2095 C.
698 2033 893 2112 Crispi
939 2033 1218 2093 Sallustii.
1310 2034 1378 2092 In
1407 2031 1564 2094 fine:
1610 2040 1628 2067 ‘
1660 2033 1925 2103 Basileae,
1959 2030 2016 2090 in
2060 2029 2289 2090 aedibus
2336 2028 2562 2088 Andrae
2590 2030 2743 2090 Cra·

593 2128 809 2202 tandri,
839 2149 1036 2190 mense
1077 2128 1393 2191 Februario
1431 2133 1608 2190 Anno
1658 2132 1993 2192 M.n.xxl.'
2033 2128 2399 2190 8.—l’anzer
2423 2127 2606 2187 Tom.
2634 2142 2739 2188 vl.

545 2240 550 2248 ·
593 2243 731 2305 pag.
761 2235 902 2288 228.

511 2354 595 2369 —
620 2323 693 2384 C.
724 2323 919 2403 Crispi
944 2325 1198 2385 Sallustii
1223 2324 1301 2386 de
1329 2323 1736 2402 conjuratione
1764 2322 2054 2395 Catilinae,
2084 2331 2145 2383 et
2161 2322 2319 2382 bello
2340 2321 2735 2401 Iugurthino,

545 2431 550 2439 ‘
593 2419 872 2492 historiae,
902 2440 1087 2500 nuper
1128 2422 1203 2482 ad
1244 2425 1609 2504 archetypon
1640 2421 1778 2482 Aldi
1808 2421 2062 2482 Manutii
2090 2440 2264 2499 quam
2290 2419 2737 2499 vigilantissime

588 2515 913 2578 emendatoe
937 2538 1011 2578 ac
1039 2519 1359 2598 impresse..
1434 2523 1501 2580 ln
1532 2519 1684 2580 fine:
1732 2527 1749 2554 ⁸
1776 2519 2019 2579 Viennae
2048 2518 2366 2579 Pannoniae
2406 2537 2519 2596 per
2561 2518 2737 2576 Ioan-

592 2630 729 2674 nem
758 2616 1144 2695 Singrenium.
1234 2618 1519 2697 Expeusis
1550 2618 1729 2678 Lucae
1757 2617 2056 2677 Alantsee.
2092 2634 2099 2643 ·
2129 2617 2365 2677 Octavo
2392 2613 2526 2674 Cal.
2560 2614 2732 2673 Maii.

593 2715 768 2772 Anno
821 2713 1064 2774 Domini
1122 2719 1456 2776 Μάκαι)
1511 2714 1839 2777 4.-Denis
1903 2714 2102 2776 Wiens
2166 2712 2435 2774 Buchdr.
2494 2712 2735 2773 Gesch.

592 2825 729 2888 pag.
757 2818 900 2871 221.

511 2939 593 2951 -
618 2906 691 2965 C.
720 2906 915 2986 Crispi
942 2908 1199 2970 Sallustii
1246 2909 1472 2970 Bellum
1523 2909 1947 2970 Catilinarium.
2033 2910 2186 2969 Item
2229 2908 2458 2969 Bellum
2507 2907 2732 2987 ‚lugur-

592 3002 818 3063 thinum
863 2997 1151 3080 ejusdem.
1237 3006 1422 3067 ludex
1470 3013 1756 3086 proeterea
1799 3026 2023 3075 eorum,
2074 3025 2209 3084 quae
2255 3025 2330 3064 ex
2384 3005 2501 3064 hoc
2546 3022 2731 3083 opere

588 3098 827 3159 veniunt
857 3110 1061 3162 notatu
1100 3114 1538 3182 memoratuque
1583 3103 1781 3184 digna.
1825 3103 2216 3184 Argentorati.
2284 3103 2355 3162 ln
2385 3103 2539 3162 fine:
2585 3110 2605 3135 ‘
2635 3102 2730 3160 Ex

592 3193 823 3255 officina
847 3198 1146 3260 Hulderici
1174 3202 1478 3263 Mothardi
1508 3203 1717 3262 Mense
1746 3205 2015 3283 Augusto
2045 3203 2330 3261 Moron.³
2354 3199 2731 3260 4.-Pan1er

588 3291 765 3351 Tom.
799 3309 898 3353 11.
925 3314 1063 3373 pag.
1096 3304 1235 3364 571.

511 3414 593 3434 -·-
620 3387 693 3447 C.
726 3391 917 3469 Crispi
943 3393 1182 3453 Salustii
1222 3414 1396 3474 opus,
1434 3417 1570 3458 cum
1618 3396 2055 3458 commentariis
2078 3395 2256 3454 Laur.
2284 3393 2491 3465 vallas,
2518 3393 2731 3453 Omni-

593 3484 733 3545 boni
763 3488 1076 3551 Leoniceni
1126 3501 1189 3551 et
1226 3494 1358 3553 lod.
1405 3494 1577 3555 Badii
1618 3495 1888 3555 Ascensii
1937 3495 1993 3552 in
2037 3490 2304 3570 ejusdem
2330 3491 2488 3551 bello
2516 3490 2729 3550 Catili·

593 3582 756 3643 nario
778 3604 812 3669 :-
841 3584 901 3643 in
931 3587 1088 3648 bello
1117 3608 1257 3648 vero
1279 3590 1633 3669 jugurthino
1658 3593 1757 3652 Jo.
1789 3592 2091 3670 Chrysost.
2121 3587 2302 3658 Soloi,
2332 3586 2727 3666 ejusdemque

591 3680 897 3741 Ascensii:
938 3684 1238 3745 accedunt
1283 3687 1416 3748 alia.
1450 3688 1726 3760 Venetiis,
1756 3706 1863 3766 per
1888 3685 2253 3747 Bernardum
2283 3686 2456 3745 Viani
2482 3684 2727 3745 Vercel-

590 3774 829 3835 lensem.
860 3777 1354 3843 Fut-Biblioth.
1383 3783 1683 3845 Emtinck.
1754 3784 1915 3845 Part.
1948 3799 2059 3845 ιιι.
2090 3798 2228 3862 pag.
2257 3780 2358 3845 36.
2389 3802 2450 3842 n.
2480 3789 2624 3844 300.

508 3900 590 3918 —
614 3869 806 3949 Crisp.
837 3873 1159 3937 Sallustius.
1229 3878 1559 3952 Selestadii,
1608 3881 1669 3941 in
1715 3879 1945 3941 edibus
1991 3881 2198 3942 Lazari
2238 3878 2549 3941 Schurerii.
2578 3890 2725 3940 4.—

589 3965 813 4026 Panzer
837 3969 1016 4030 Tom.
1047 3987 1206 4035 vm.
1236 3994 1373 4055 pag.
1404 3984 1549 4049 292.

514 4066 669 4123 1522
697 4064 1071 4144 Antwerpiae.
1104 4079 1162 4130 4.
1299 4074 1304 4083 “

515 4161 667 4217 1528
696 4157 769 4218 C.
803 4162 1009 4241 Crispi
1041 4165 1313 4229 ‘Sallustii
1362 4168 1440 4231 de
1487 4170 1901 4250 conjuratione
1945 4172 2239 4235 Catilina.
2306 4169 2589 4251 Ejusdem
2640 4168 2719 4229 de

589 4249 748 4315 bello
794 4257 1167 4339 jugurthino,
1213 4269 1334 4329 &c.
1430 4274 1451 4303 ‘
1475 4268 1737 4344 Parisiis,
1806 4269 2142 4332 excutiebat
2209 4268 2355 4329 Sim.
2418 4266 2715 4328 Colinaens
