2984 4892
1134 431 1227 479 13¹1·
1274 430 1656 484 om'rlcUS.

293 569 482 624 erum
503 583 569 621 ex
592 569 814 635 negotiis
834 572 1055 637 privatis
1076 574 1286 626 obnoxii
1309 577 1353 626 C

290 639 360 685 48
425 636 648 700 negotiis
670 637 947 688 amicorum
969 638 1198 690 intentus
1223 642 1266 691 C
1288 647 1353 692 54

292 714 362 749 ex
398 700 510 750 aliis
554 702 770 766 negotiis
808 717 922 766 quae
966 703 1174 769 ingenio
1208 720 1355 756 exer·

291 772 479 815 centur
499 766 534 817 J
557 769 588 814 4
660 766 842 816 bouum
868 768 993 831 pub.
1018 777 1077 819 ut
1100 771 1151 819 in
1172 772 1356 834 pleris-

292 845 394 898 que
421 832 644 895 negotiis
666 832 800 882 solet
834 834 1037 897 privata
1061 838 1232 900 gratia
1270 838 1356 887 de-

292 896 487 945 victum
523 895 557 947 J
594 901 657 946 25
725 897 789 947 ab
831 902 1055 950 neoeotiis
1095 916 1358 966 nunquam

292 962 534 1025 voluptas
559 969 818 1012 remorata
838 963 871 1014 J
891 967 954 1013 95
1004 968 1359 1017 communibus

292 1028 649 1076 consuleretur
683 1028 715 1079 J
743 1032 835 1078 105
906 1030 1280 1082 admonendum
1306 1038 1358 1083 te

296 1091 362 1139 de
385 1093 604 1145 uezotiis
629 1094 836 1142 urbanis
879 1094 920 1143 F
940 1099 1057 1158 349,
1082 1100 1140 1146 11
1213 1098 1359 1146 bouis

292 1157 518 1220 negot-iis
579 1157 831 1221 impedita
888 1160 928 1208 F
967 1165 1084 1222 352,
1128 1166 1185 1211 15
1274 1177 1360 1212 ue·

295 1222 453 1300 gotiis
495 1225 773 1273 amicorum
815 1224 1066 1289 implicati
1107 1228 1149 1276 F
1180 1231 1295 1289 358,
1327 1234 1358 1277 5

296 1302 351 1336 ιιι
373 1289 535 1337 atroci
557 1289 763 1352 negotio
787 1289 829 1339 C
850 1294 917 1339 29
960 1291 1155 1341 minore
1179 1299 1233 1342 et
1253 1308 1360 1342 ma-

287 1352 412 1417 jore
446 1353 489 1402 C
510 1357 573 1402 51
642 1355 975 1405 vehementer
995 1357 1204 1421 negotio
1241 1373 1358 1422 per·

296 1425 470 1468 motus
499 1418 532 1469 J
557 1423 589 1467 6
654 1417 848 1470 infecto
881 1421 914 1472 J
938 1426 1002 1472 58
1069 1437 1134 1472 ne
1174 1438 1274 1486 qua
1294 1438 1360 1473 ex

299 1496 364 1532 eo
386 1485 594 1547 negotio
630 1485 815 1533 seditio
850 1486 1079 1538 oriretur
1105 1487 1139 1539 J
1161 1493 1225 1538 72
1292 1490 1358 1539 de

297 1547 407 1597 nilo
451 1551 659 1603 neuntio
715 1565 906 1614 negare
947 1553 1250 1607 audebat-J
1294 1557 1358 1603 84

296 1613 348 1731 Ji
362 1615 577 1728 ἒὲςοῖίο
612 1615 897 1731 ρτοῗιίπόιὸιω
920 1617 1361 1733 ᾶίοωῒοοοηεῑίῐιιίῑ

493 1695 677 1741 aspero
916 1697 1046 1740 nego
1074 1698 1234 1733 iorum
1271 1699 1360 1734 cu-

299 1749 450 1792 rator
471 1742 604 1804 fidus
625 1745 658 1795 J
684 1749 745 1795 71
815 1748 1077 1811 negotium
1102 1748 1195 1798 dat
1217 1749 1293 1799 uti
1318 1750 1361 1800 C

296 1813 365 1858 40
431 1810 783 1873 negotiatores
825 1813 996 1862 Uticae
1039 1814 1074 1866 J
1128 1818 1214 1876 64,
1258 1818 1359 1863 &c.

296 1871 641 1939 frequentiam
683 1875 718 1927 J
763 1879 828 1925 47
895 1878 946 1926 iu
991 1879 1165 1929 Gallia
1207 1894 1361 1944 nego-

299 1938 460 1989 tiatus
502 1947 619 1990 erat
662 1940 705 1990 C
744 1945 808 1991 40
876 1943 918 1992 si
962 1957 1112 2008 quem
1159 1958 1227 1993 ex
1270 1945 1362 1994 illo

300 2004 457 2068 globo
492 2005 776 2055 nobilitatis
820 2008 884 2056 ad
926 2007 1042 2070 hoc,
1088 2016 1178 2059 aut
1224 2010 1364 2060 aliud

300 2068 406 2119 tale
428 2071 692 2134 negotium
714 2072 932 2122 mittatis
962 2074 995 2125 J
1016 2078 1077 2124 85
1143 2074 1364 2126 Plautus

301 2134 456 2185 Pers.
481 2135 514 2198 ἰ,
537 2141 587 2200 1,
613 2140 695 2186 21.
729 2138 992 2201 negotium
1029 2137 1275 2189 ferreum.
1299 2140 1365 2190 de

299 2214 453 2250 servo
476 2217 527 2264 q.
568 2202 693 2251 alibi
725 2203 918 2253 luteum
941 2217 990 2254 n.
1049 2205 1131 2254 Ne
1170 2204 1365 2254 otiosus

304 2265 732 2329 prudentissimus
765 2268 979 2333 quisque
1001 2269 1036 2321 J
1058 2272 1090 2318 8

303 2331 527 2380 Mercat.
564 2332 701 2383 Quia
722 2333 858 2382 enim
880 2334 1136 2398 negotiosi
1161 2348 1363 2384 eramus

300 2396 493 2446 nostris
513 2397 734 2461 negotiis

369 2461 538 2512 Nemo
582 2463 806 2512 omnium
843 2462 877 2514 J
917 2469 982 2513 54
1022 2470 1080 2514 et
1117 2464 1158 2514 F
1180 2468 1295 2527 355,
1332 2470 1363 2514 5

304 2534 362 2578 et
401 2527 605 2589 Cicero,
643 2542 793 2577 nemo
818 2535 922 2578 tam
957 2528 1180 2594 egregiis
1214 2529 1366 2579 factis

306 2599 422 2642 erat
459 2592 493 2644 J
516 2596 580 2642 63
650 2593 811 2643 bonus
833 2609 986 2644 nemo
1006 2596 1148 2645 volet
1187 2595 1227 2644 F
1251 2598 1366 2658 321,

309 2662 370 2707 17
437 2658 530 2720 sic,
553 2658 727 2708 Livius

372 2722 591 2788 Neque:
627 2737 728 2772 non
765 2720 952 2773 famem
989 2731 1078 2774 aut
1103 2724 1260 2785 sitim,
1278 2739 1367 2774 ue·

309 2801 409 2852 que
449 2787 612 2853 frigus
651 2803 818 2854 neque
854 2789 1205 2839 lassitudinem
1237 2791 1280 2839 C
1302 2793 1365 2839 13

310 2853 448 2918 quod
482 2861 797 2919 cognoverat
834 2868 1002 2919 neque
1031 2862 1202 2905 tamen
1239 2855 1282 2906 C
1307 2859 1371 2904 19

308 2923 365 2967 et
395 2917 439 2966 C
461 2923 523 2968 57
559 2926 613 2969 et
636 2920 679 2969 C
701 2924 764 2969 61
831 2927 1016 2984 quater
1054 2921 1106 2969 in·
1142 2933 1244 2969 una
1281 2934 1371 2984 pe-

309 2981 456 3033 riodo
480 2984 522 3034 C
546 2989 610 3034 23
674 2996 840 3050 neque
860 2985 1030 3035 odisse
1051 2985 1142 3035 sed
1161 2985 1369 3034 minime

308 3047 464 3098 irasci
488 3049 641 3100 decet
675 3051 718 3099 C
740 3055 802 3100 51
871 3051 982 3115 agit
1013 3057 1172 3115 atque
1211 3049 1374 3100 habet

309 3121 500 3164 cuncta
523 3129 685 3180 neque
709 3116 821 3178 ipse
859 3116 1078 3165 habetur
1099 3115 1133 3167 J
1159 3119 1190 3164 2
1257 3130 1370 3178 pro·

305 3179 484 3229 hibere
506 3178 747 3244 injuriam
763 3196 931 3245 neque
949 3181 1056 3244 pati
1079 3182 1218 3244 cujus
1258 3195 1369 3230 uam

310 3258 524 3307 reguum
571 3259 666 3309 per
709 3247 877 3296 scelus
920 3253 1186 3296 cresceret
1308 3247 1370 3293 14

311 3317 519 3374 petere,
559 3325 726 3374 neque
762 3311 914 3360 simul
953 3310 1233 3362 amicitiam
1265 3324 1374 3358 ves-

312 3379 445 3426 tram
470 3382 526 3424 et
562 3390 772 3438 reguum
812 3390 980 3426 meum
1019 3389 1225 3440 sperare
1250 3374 1284 3427 J
1306 3378 1372 3424 24

312 3439 453 3506 quod
491 3455 659 3505 neque
697 3440 896 3492 insidia
938 3441 1297 3505 procedebant
1316 3450 1372 3490 et

307 3504 642 3568 intelligebat
697 3506 876 3555 urbem
919 3506 1168 3556 munitam
1219 3506 1263 3556 C
1309 3510 1374 3556 32

313 3572 447 3623 Quae
473 3577 740 3636 postquam
781 3572 983 3634 agitare
1017 3572 1180 3636 coepit
1209 3585 1375 3635 neque

313 3634 368 3684 iu
391 3636 568 3686 amieis
585 3637 710 3686 satis
734 3637 962 3701 proesidii
985 3643 1068 3687 est
1099 3638 1132 3688 J
1158 3640 1219 3686 35
1286 3651 1375 3686 ue·

315 3716 418 3766 que
455 3716 554 3765 ego
593 3703 828 3753 Quirites
866 3703 1048 3752 hortor
1095 3701 1129 3753 J
1167 3705 1227 3751 31
1262 3703 1372 3754 etJ

316 3771 383 3816 40
412 3773 469 3816 et
489 3771 553 3816 59
618 3767 709 3816 sed
735 3781 898 3832 neque
922 3782 1068 3816 more
1099 3766 1307 3816 militari
1339 3767 1374 3819 J

315 3834 383 3881 48
453 3840 726 3908 postquam
753 3832 869 3882 haec
908 3833 1042 3881 dixit
1077 3846 1241 3909 neque
1275 3832 1378 3880 aui-

317 3910 433 3945 mns
459 3897 613 3946 Marii
637 3895 867 3948 flectitur
895 3898 930 3950 J
949 3902 1013 3948 54
1081 3899 1170 3946 ubi
1208 3910 1377 3961 neque
1405 3921 1414 3930 -

318 3975 471 4024 agros
505 3964 699 4012 vastari
737 3972 791 4012 et
830 3977 920 4012 eos
952 3962 1041 4028 qui
1081 3960 1231 4025 primi
1262 3962 1378 4011 ade-

316 4033 438 4075 rant
480 4027 682 4086 vident,
726 4033 824 4077 διε.
868 4027 902 4080 J
947 4032 1013 4077 69
1081 4028 1165 4076 ubi
1210 4041 1378 4090 neque

318 4090 595 4153 epistolam
618 4094 816 4156 reperit
854 4099 911 4142 et
948 4107 1057 4142 rem
1080 4093 1322 4156 coguovit
1341 4092 1375 4143 J

316 4159 379 4205 71
406 4163 464 4205 et
500 4157 534 4207 J
561 4160 622 4206 74
693 4157 767 4207 uti
788 4172 958 4222 neque
992 4172 1081 4207 vos
1105 4157 1379 4221 capiamini

319 4226 377 4270 et
399 4221 470 4270 illi
495 4221 687 4271 frustra
710 4223 813 4272 sint
835 4224 867 4274 J
893 4227 956 4272 87
1024 4221 1206 4272 eodem
1229 4223 1380 4270 modo

317 4299 417 4336 nee
452 4287 591 4350 apud
609 4288 748 4337 Pliu.
767 4288 832 4337 P.
852 4303 966 4351 cap.
986 4292 1065 4337 70.
1100 4302 1214 4351 quae
1243 4294 1381 4350 post-

320 4361 477 4415 quam
515 4353 735 4417 gloriosa
769 4352 924 4402 modo
948 4367 1113 4420 neque
1135 4351 1257 4402 belli
1292 4366 1381 4414 pa·

317 4417 490 4468 traudi
529 4418 773 4483 cognovit
803 4417 836 4470 J
860 4421 925 4469 88
990 4431 1157 4482 neque
1191 4429 1314 4466 vero
1338 4416 1381 4466 C

1196 2270 1366 2319 lautus
1405 2273 1414 2280 ‘

2362 439 2497 490 DXV

1429 582 1463 628 4
1529 577 1744 629 Quintil.
1767 576 1824 639 ii,
1846 581 1926 628 17.
1962 581 2044 630 ter
2080 578 2133 630 iu
2172 579 2354 631 eadem
2381 596 2495 634 seu-

1432 643 1600 693 tentia
1622 644 1657 696 J
1678 648 1745 694 99
1807 657 1975 710 neque
1997 660 2289 711 quenquam
2314 661 2346 696 a
2367 649 2494 699 mul·

1431 708 1498 757 tis
1521 708 1851 770 metuendum
1876 724 2005 770 esse,
2042 711 2164 775 quin
2189 711 2255 761 ad
2287 727 2404 762 eum
2428 727 2495 763 ex

1433 775 1606 824 multis
1630 772 1846 824 formido
1869 774 2069 826 recidat
2094 776 2135 824 F
2153 781 2266 835 342,
2288 782 2320 827 4

1502 839 1548 888 N
1556 848 1837 904 equeuntes
1853 840 2084 905 plerique
2102 843 2357 892 sustinere
2381 857 2493 892 cor·

1434 918 1563 967 pora
1598 906 1640 954 F
1661 909 1776 966 308,
1811 909 1873 954 10
1938 906 2183 970 nequiens
2218 907 2494 971 prohibere

1433 971 1477 1019 F
1513 973 1678 1033 338,7
1744 984 1808 1018 eo
1846 984 1901 1019 se
1941 969 2244 1021 munitiores
2284 987 2387 1037 quo
2419 973 2495 1022 illi

1434 1034 1617 1099 quibus
1669 1034 1973 1098 imperitant
2016 1036 2287 1101 nequiores
2330 1037 2495 1151 giustr-

1435 1100 1649 1158 miores)
1669 1099 1814 1149 fuere
1840 1100 1881 1148 F
1905 1104 2020 1162 340,
2041 1106 2074 1151 9
2119 1102 2326 1178 quit-qui
2383 1103 2495 1152 sine

1436 1165 1901 1282 {augum-53⁵3?
1921 1166 2097 1216 ulcisci
2116 1168 2499 1232 nequiturjure

1459 1246 1522 1280 ac
1551 1245 1633 1280 um
1658 1245 1703 1279 si

1506 1294 1862 1360 Nequicquam
1901 1302 2192 1358 opportuna
2236 1310 2318 1347 res
2362 1296 2502 1348 ceci·

1436 1359 1601 1410 disset
1642 1361 1684 1410 C
1726 1364 1791 1409 20
1864 1359 2090 1412 hortere.
2135 1375 2288 1426 quem
2331 1376 2499 1426 neque

1436 1426 1603 1490 gloria
1625 1439 1790 1502 neque
1813 1424 2046 1488 pericula
2068 1426 2303 1476 excitant
2327 1427 2370 1477 C
2387 1431 2455 1476 58

1503 1491 1623 1541 Neu
1646 1505 1756 1556 quis
1778 1489 1845 1539 de
1864 1490 1939 1539 his
1955 1489 2019 1538 ad
2036 1490 2282 1541 Senatum
2302 1491 2499 1541 referat

1437 1556 2504 1686 ἕθῃῗῗὶΞοὲἲὲῖέἓὲἱᾷᾇέῗζῖἒξὲἔ

1439 1691 1597 1746 reret,
1619 1688 1719 1735 Aac.
1741 1685 1775 1736 J
1797 1689 1861 1734 64

1505 1751 1577 1799 Ni
1603 1765 1668 1800 ea
1707 1765 1786 1799 res
1824 1750 2020 1814 longius
2059 1750 2126 1800 ab
2159 1750 2373 1814 incepto
2396 1758 2500 1801 tra-

1438 1814 1588 1864 heret
1629 1815 1672 1864 C
1697 1819 1727 1864 7
1793 1821 2100 1864 maturasset
2130 1815 2173 1865 C
2198 1819 2260 1864 18
2324 1815 2503 1866 nisibi

1439 1879 1663 1930 obnoxia
1682 1878 1821 1929 foret
1855 1881 1898 1931 C
1920 1883 1984 1929 23
2052 1879 2272 1930 timebat
2293 1880 2422 1930 iram
2445 1882 2500 1931 ni

1441 1945 1693 2009 paruisset
1731 1945 1763 1997 J
1798 1949 1861 1995 35
1929 1960 2099 2010 neque
2129 1946 2369 1995 resistere
2391 1946 2509 2011 qui-

1440 2010 1639 2060 vissent
1662 2009 1736 2076 (v.
1761 2007 1957 2075 enitor)
1990 2011 2044 2059 ni
2067 2008 2323 2075 facerent,
2341 2014 2441 2062 ἃς.
2462 2011 2499 2065 J

1507 2140 1651 2189 Nihil
1697 2139 1884 2218 reliqui
1935 2139 2087 2191 victis
2132 2139 2304 2191 fecere
2350 2141 2393 2189 C
2439 2145 2499 2191 11

1440 2204 1659 2255 Senatus
1715 2206 1842 2255 nihil
1898 2219 2019 2254 sane
2076 2205 2304 2256 intentus
2348 2204 2507 2268 (uon)

1439 2269 1616 2320 Plaut.
1637 2270 1754 2321 Mil.
1788 2270 1924 2321 Nam
1949 2277 2222 2336 postquam
2263 2271 2505 2321 exierunt

1440 2342 1593 2398 porta
1635 2335 1761 2385 nihil
1820 2343 2091 2385 cessarunt
2134 2336 2273 2385 illico

1441 2400 1728 2450 obscurari
1764 2405 1918 2466 atque
1951 2400 2233 2465 amplexari
2268 2400 2406 2450 inter
2428 2414 2505 2451 se.

1440 2464 1564 2515 nihil
1584 2466 1636 2514 vi
1659 2480 1791 2529 opus
1811 2472 1894 2515 est
1913 2464 1947 2516 J
1968 2469 2029 2515 31
2098 2464 2278 2515 auxilii
2301 2473 2437 2515 esset
2461 2465 2506 2515 C

1437 2534 1504 2580 40
1568 2531 1893 2595 suspicantes
1930 2531 1972 2580 C
2013 2535 2079 2581 44
2145 2530 2187 2579 si
2235 2532 2301 2579 ad
2346 2531 2511 2594 impo-

1443 2596 1683 2646 trandum
1730 2596 1854 2644 nihil
1894 2611 2065 2645 causae
2103 2596 2349 2646 haberem
2381 2596 2416 2648 J
2442 2601 2505 2646 14

1442 2660 1588 2724 pensi
1605 2675 1773 2725 neque
1796 2662 1960 2710 sancti
1997 2661 2189 2710 habere
2212 2660 2246 2712 J
2268 2665 2330 2710 41
2399 2662 2508 2709 lan·

1444 2725 1587 2789 guidi
1626 2740 1795 2788 neque
1816 2725 2014 2774 remissi
2050 2724 2347 2788 patiebatur
2382 2724 2416 2776 J
2439 2729 2504 2774 53

1444 2791 1682 2854 cupienti
1725 2790 1851 2839 nihil
1893 2790 2019 2840 satis
2067 2789 2347 2839 festinatur
2382 2790 2415 2841 J
2440 2794 2505 2839 54

1444 2856 1696 2905 intactum
1737 2869 1907 2918 neque
1945 2855 2173 2920 quietum
2216 2854 2325 2918 pati
2366 2854 2400 2905 J
2440 2858 2508 2905 66

1483 2934 1656 2970 rorsns
1701 2919 1767 2969 ab
1812 2920 2045 2984 utrisque
2090 2916 2212 2968 nihil
2251 2919 2508 2983 reliquum

1484 2986 1561 3034 eri
1599 2985 1633 3037 J
1657 2988 1724 3034 79
1788 2985 1916 3033 nihil
1953 2981 2262 3048 profuerunt
2285 2983 2510 3033 doctori-

1445 3050 1541 3100 bus
1565 3050 1631 3100 ad
1651 3050 1893 3099 virtutem
1912 3048 1945 3101 J
1969 3054 2032 3099 85
2099 3049 2225 3098 nihil
2241 3049 2509 3099 remittere

1447 3115 1538 3166 sed
1564 3113 1732 3165 acrius
1752 3114 1948 3164 instare
1971 3114 2004 3165 J
2027 3118 2092 3164 98
2158 3113 2510 3190 carius-habeo

1447 3181 1859 3310 raupa‘lgiffitifflrnmq
1864 3178 2509 3306 tssguffiisobbgsessssffieg

1447 3315 1511 3360 23
1577 3310 1663 3375 qui
1686 3324 1811 3358 vero
1832 3308 1959 3358 nihil
1985 3315 2193 3372 poterat
2224 3307 2436 3374 (nempe
2458 3308 2512 3358 in

1448 3390 1506 3425 re
1549 3375 1616 3425 de
1663 3389 1766 3439 qua
1806 3373 1967 3423 verba
2002 3372 2151 3435 flunt,
2184 3372 2430 3438 pecunia)
2467 3374 2510 3423 is

1448 3446 1564 3491 erat
1606 3440 1873 3491 calumniae
1920 3440 2183 3503 proximus
2237 3441 2279 3489 F
2321 3442 2436 3503 363,
2478 3442 2515 3494 2

1448 3506 1624 3556 nihilo.
1646 3520 1935 3571 quanquam
1975 3506 2150 3570 gravia
2183 3511 2367 3576 tamen.
2394 3519 2516 3555 con·-

1449 3571 1722 3622 suetudiue
1748 3572 1858 3635 jam
1883 3584 1977 3632 pro
2008 3570 2166 3620 nihilo
2199 3569 2454 3619 habentur
2477 3568 2512 3618 J

1450 3641 1511 3688 31
1566 3636 1769 3686 'malum
1793 3634 1994 3684 facinus
2022 3649 2115 3699 pro
2150 3634 2308 3682 nihilo
2332 3632 2510 3682 haberi

1518 3738 1743 3816 Niu’iias:
1767 3765 1834 3815 ob
1849 3763 2034 3814 nimias
2053 3777 2178 3827 opes
2194 3759 2514 3811 Mithridatis

1452 3831 1494 3881 F
1516 3836 1631 3894 324,
1649 3837 1683 3882 4
1746 3844 1904 3880 onere
1940 3831 1981 3879 1··
1997 3833 2114 3891 288,
2133 3832 2163 3877 7
2229 3826 2380 3876 nimis
2404 3826 2515 3875 alta

1453 3896 1497 3946 C
1541 3903 1570 3946 5
1640 3894 1921 3945 mediocria
1964 3893 2116 3943 malle
2160 3907 2312 3957 quam
2353 3890 2514 3941 nimia

1452 3961 1659 4026 (Senec.
1683 3960 1808 4023 Ep.)
1847 3960 1932 4009 nbi
1956 3960 2058 4009 Ms.
2094 3972 2186 4021 pro
2220 3956 2514 4020 vitaliaque,

1452 4028 1717 4091 utiliaque.
1761 4024 1997 4075 Molliter
2015 4022 2374 4087 aegritudiuem
2400 4020 2511 4083 pati

1451 4091 1486 4143 J
1515 4096 1579 4142 82
1646 4090 1905 4139 luxuriose
1937 4089 2185 4153 nimisque
2228 4085 2514 4136 liberaliter

1452 4157 1708 4206 habuerat
1752 4155 1795 4204 C
1842 4158 1896 4204 11
1966 4154 2101 4203 bona
2142 4153 2409 4201 voluntate
2457 4149 2512 4199 iu

1456 4221 1618 4271 victos
1660 4222 1701 4270 F
1734 4223 1849 4281 343,
1890 4223 1948 4269 11
2034 4219 2221 4267 nimius
2252 4215 2443 4265 fiducia
2471 4214 2515 4264 Ρ

1453 4290 1572 4348 291,
1594 4289 1657 4334 23
1721 4285 1906 4334 nimius
1929 4284 2083 4333 animi
2106 4289 2163 4333 et
2185 4282 2436 4347 impotens
2468 4279 2513 4330 F

1524 4387 1673 4466 N’isi‘:
1709 4430 1820 4481 quae
1859 4413 1955 4465 uisi
1993 4412 2072 4462 bis
2106 4412 2191 4478 qui
2213 4411 2391 4462 videre
2427 4423 2515 4460 ue-
