<?xml version="1.0" encoding="UTF-8"?>
<!DOCTYPE html PUBLIC "-//W3C//DTD XHTML 1.0 Transitional//EN"
    "http://www.w3.org/TR/xhtml1/DTD/xhtml1-transitional.dtd">
<html xmlns="http://www.w3.org/1999/xhtml" xml:lang="en" lang="en">
 <head>
  <title>
</title>
<meta http-equiv="Content-Type" content="text/html;charset=utf-8" />
  <meta name='ocr-system' content='tesseract 3.04.00' />
  <meta name='ocr-capabilities' content='ocr_page ocr_carea ocr_par ocr_line ocrx_word'/>
</head>
<body>
  <div class='ocr_page' id='page_1' title='image "./ccrispisallusti00clergoog_0885.png"; bbox 0 0 2984 4892; ppageno 0'>
   <div class='ocr_carea' id='block_1_1' title="bbox 1099 405 1619 455">
    <p class='ocr_par' dir='ltr' id='par_1_1' title="bbox 1099 405 1619 455">
     <span class='ocr_line' id='line_1_1' title="bbox 1099 405 1619 455; baseline 0.006 -3"><span class='ocrx_word' id='word_1_1' title='bbox 1099 405 1192 452; x_wconf 75' lang='lat' dir='ltr'><strong>ET</strong></span> <span class='ocrx_word' id='word_1_2' title='bbox 1244 405 1619 455; x_wconf 78' lang='lat' dir='ltr'><strong>ch&#39;rlcUS.</strong></span> 
     </span>
    </p>
   </div>
   <div class='ocr_carea' id='block_1_2' title="bbox 160 548 1329 4394">
    <p class='ocr_par' dir='ltr' id='par_1_2' title="bbox 258 548 871 613">
     <span class='ocr_line' id='line_1_2' title="bbox 258 548 871 613; baseline 0 -14"><span class='ocrx_word' id='word_1_3' title='bbox 258 551 325 599; x_wconf 73' lang='grc'><strong>14</strong></span> <span class='ocrx_word' id='word_1_4' title='bbox 386 553 575 613; x_wconf 79' lang='lat' dir='ltr'><strong>paratu</strong></span> <span class='ocrx_word' id='word_1_5' title='bbox 594 548 639 599; x_wconf 83' lang='lat' dir='ltr'><strong>F</strong></span> <span class='ocrx_word' id='word_1_6' title='bbox 659 552 775 612; x_wconf 77' lang='grc'><strong>327,</strong></span> <span class='ocrx_word' id='word_1_7' title='bbox 806 553 871 599; x_wconf 79' lang='grc'><strong>10</strong></span> 
     </span>
    </p>

    <p class='ocr_par' dir='ltr' id='par_1_3' title="bbox 250 612 1325 1264">
     <span class='ocr_line' id='line_1_3' title="bbox 260 612 1321 682; baseline 0.002 -19"><span class='ocrx_word' id='word_1_8' title='bbox 260 626 271 635; x_wconf 87' lang='grc'><em>·</em></span> <span class='ocrx_word' id='word_1_9' title='bbox 319 612 510 664; x_wconf 77' lang='lat' dir='ltr'><strong>Armat</strong></span> <span class='ocrx_word' id='word_1_10' title='bbox 532 614 709 678; x_wconf 85' lang='lat' dir='ltr'><strong>copias</strong></span> <span class='ocrx_word' id='word_1_11' title='bbox 730 616 766 667; x_wconf 93' lang='lat' dir='ltr'><strong>J</strong></span> <span class='ocrx_word' id='word_1_12' title='bbox 781 618 843 665; x_wconf 89' lang='grc'><strong>13</strong></span> <span class='ocrx_word' id='word_1_13' title='bbox 911 620 1111 667; x_wconf 86' lang='lat' dir='ltr'><strong>armata</strong></span> <span class='ocrx_word' id='word_1_14' title='bbox 1141 631 1321 682; x_wconf 87' lang='lat' dir='ltr'><strong>snper-</strong></span> 
     </span>
     <span class='ocr_line' id='line_1_4' title="bbox 255 677 1324 741; baseline 0.005 -13"><span class='ocrx_word' id='word_1_15' title='bbox 255 677 343 729; x_wconf 80' lang='lat' dir='ltr'><strong>bia</strong></span> <span class='ocrx_word' id='word_1_16' title='bbox 373 680 768 741; x_wconf 71' lang='lat' dir='ltr'><strong>magistratuum</strong></span> <span class='ocrx_word' id='word_1_17' title='bbox 816 680 938 731; x_wconf 78' lang='grc'><strong>033</strong></span> <span class='ocrx_word' id='word_1_18' title='bbox 1021 682 1096 732; x_wconf 87' lang='lat' dir='ltr'><strong>uti</strong></span> <span class='ocrx_word' id='word_1_19' title='bbox 1140 689 1324 733; x_wconf 85' lang='lat' dir='ltr'><strong>contra</strong></span> 
     </span>
     <span class='ocr_line' id='line_1_5' title="bbox 254 741 1322 808; baseline 0.005 -15"><span class='ocrx_word' id='word_1_20' title='bbox 254 741 466 808; x_wconf 80' lang='lat' dir='ltr'><strong>injurias</strong></span> <span class='ocrx_word' id='word_1_21' title='bbox 489 746 674 796; x_wconf 82' lang='lat' dir='ltr'><strong>armati</strong></span> <span class='ocrx_word' id='word_1_22' title='bbox 692 746 824 795; x_wconf 82' lang='lat' dir='ltr'><strong>eatis</strong></span> <span class='ocrx_word' id='word_1_23' title='bbox 845 746 879 798; x_wconf 98' lang='lat' dir='ltr'><strong>J</strong></span> <span class='ocrx_word' id='word_1_24' title='bbox 904 750 964 796; x_wconf 87' lang='grc'><strong>31</strong></span> <span class='ocrx_word' id='word_1_25' title='bbox 1032 747 1322 798; x_wconf 77' lang='lat' dir='ltr'><strong>hominibus</strong></span> 
     </span>
     <span class='ocr_line' id='line_1_6' title="bbox 253 810 1323 878; baseline 0.004 -19"><span class='ocrx_word' id='word_1_26' title='bbox 253 810 495 860; x_wconf 83' lang='lat' dir='ltr'><strong>obsidere</strong></span> <span class='ocrx_word' id='word_1_27' title='bbox 520 812 563 861; x_wconf 89' lang='lat' dir='ltr'><strong>C</strong></span> <span class='ocrx_word' id='word_1_28' title='bbox 584 816 648 861; x_wconf 83' lang='grc'><strong>27</strong></span> <span class='ocrx_word' id='word_1_29' title='bbox 694 811 950 862; x_wconf 75' lang='lat' dir='ltr'>dedecore</span> <span class='ocrx_word' id='word_1_30' title='bbox 974 814 1145 877; x_wconf 89' lang='lat' dir='ltr'><strong>potius</strong></span> <span class='ocrx_word' id='word_1_31' title='bbox 1170 828 1323 878; x_wconf 86' lang='lat' dir='ltr'><strong>quam</strong></span> 
     </span>
     <span class='ocr_line' id='line_1_7' title="bbox 253 876 1322 943; baseline 0.005 -19"><span class='ocrx_word' id='word_1_32' title='bbox 253 888 410 924; x_wconf 80' lang='lat' dir='ltr'><strong>mann</strong></span> <span class='ocrx_word' id='word_1_33' title='bbox 431 876 464 927; x_wconf 98' lang='lat' dir='ltr'><strong>J</strong></span> <span class='ocrx_word' id='word_1_34' title='bbox 484 879 550 925; x_wconf 83' lang='grc'><strong>39</strong></span> <span class='ocrx_word' id='word_1_35' title='bbox 614 890 836 940; x_wconf 82' lang='lat' dir='ltr'><strong>corpore</strong></span> <span class='ocrx_word' id='word_1_36' title='bbox 860 878 1078 943; x_wconf 80' lang='lat' dir='ltr'><strong>ingenti,</strong></span> <span class='ocrx_word' id='word_1_37' title='bbox 1102 879 1322 941; x_wconf 79' lang='lat' dir='ltr'>perinde</span> 
     </span>
     <span class='ocr_line' id='line_1_8' title="bbox 254 942 1323 1010; baseline 0.005 -21"><span class='ocrx_word' id='word_1_38' title='bbox 254 946 481 990; x_wconf 69' lang='lat' dir='ltr'><strong>armatus</strong></span> <span class='ocrx_word' id='word_1_39' title='bbox 506 942 547 990; x_wconf 85' lang='lat' dir='ltr'><strong>F</strong></span> <span class='ocrx_word' id='word_1_40' title='bbox 573 946 690 1002; x_wconf 82' lang='grc'><strong>327,</strong></span> <span class='ocrx_word' id='word_1_41' title='bbox 707 946 740 991; x_wconf 88' lang='grc'><strong>4</strong></span> <span class='ocrx_word' id='word_1_42' title='bbox 805 949 866 992; x_wconf 84' lang='lat' dir='ltr'><strong>ut</strong></span> <span class='ocrx_word' id='word_1_43' title='bbox 888 958 1141 1010; x_wconf 83' lang='lat' dir='ltr'>quemque</span> <span class='ocrx_word' id='word_1_44' title='bbox 1173 958 1323 994; x_wconf 88' lang='lat' dir='ltr'><strong>casus</strong></span> 
     </span>
     <span class='ocr_line' id='line_1_9' title="bbox 254 1008 1325 1072; baseline 0.005 -18"><span class='ocrx_word' id='word_1_45' title='bbox 254 1016 519 1056; x_wconf 82' lang='lat' dir='ltr'><strong>amaverat</strong></span> <span class='ocrx_word' id='word_1_46' title='bbox 559 1008 601 1056; x_wconf 86' lang='lat' dir='ltr'>C</span> <span class='ocrx_word' id='word_1_47' title='bbox 624 1012 689 1057; x_wconf 99' lang='grc'><strong>56</strong></span> <span class='ocrx_word' id='word_1_48' title='bbox 756 1008 843 1072; x_wconf 86' lang='lat' dir='ltr'><strong>qui</strong></span> <span class='ocrx_word' id='word_1_49' title='bbox 880 1023 1060 1058; x_wconf 87' lang='lat' dir='ltr'><strong>manus</strong></span> <span class='ocrx_word' id='word_1_50' title='bbox 1096 1023 1325 1059; x_wconf 77' lang='lat' dir='ltr'><strong>armave-</strong></span> 
     </span>
     <span class='ocr_line' id='line_1_10' title="bbox 254 1070 1321 1140; baseline 0.005 -20"><span class='ocrx_word' id='word_1_51' title='bbox 254 1070 326 1120; x_wconf 88' lang='lat' dir='ltr'><strong>rit</strong></span> <span class='ocrx_word' id='word_1_52' title='bbox 346 1072 380 1122; x_wconf 87' lang='lat' dir='ltr'>J</span> <span class='ocrx_word' id='word_1_53' title='bbox 407 1075 500 1121; x_wconf 92' lang='grc'><strong>107</strong></span> <span class='ocrx_word' id='word_1_54' title='bbox 565 1086 746 1122; x_wconf 87' lang='lat' dir='ltr'><strong>manus</strong></span> <span class='ocrx_word' id='word_1_55' title='bbox 769 1087 894 1137; x_wconf 87' lang='lat' dir='ltr'><strong>quas</strong></span> <span class='ocrx_word' id='word_1_56' title='bbox 932 1075 1126 1140; x_wconf 85' lang='lat' dir='ltr'><strong>justius</strong></span> <span class='ocrx_word' id='word_1_57' title='bbox 1150 1075 1202 1124; x_wconf 88' lang='lat' dir='ltr'><strong>in</strong></span> <span class='ocrx_word' id='word_1_58' title='bbox 1226 1075 1321 1125; x_wconf 87' lang='lat' dir='ltr'><strong>Le-</strong></span> 
     </span>
     <span class='ocr_line' id='line_1_11' title="bbox 252 1134 1323 1206; baseline 0.006 -22"><span class='ocrx_word' id='word_1_59' title='bbox 252 1134 367 1200; x_wconf 89' lang='lat' dir='ltr'><strong>pidi</strong></span> <span class='ocrx_word' id='word_1_60' title='bbox 391 1137 675 1200; x_wconf 87' lang='lat' dir='ltr'><strong>perniciem</strong></span> <span class='ocrx_word' id='word_1_61' title='bbox 713 1147 982 1202; x_wconf 73' lang='lat' dir='ltr'>armasset,</span> <span class='ocrx_word' id='word_1_62' title='bbox 1015 1143 1114 1189; x_wconf 71' lang='lat' dir='ltr'><strong>dcc.</strong></span> <span class='ocrx_word' id='word_1_63' title='bbox 1152 1140 1323 1206; x_wconf 89' lang='lat' dir='ltr'><strong>Epist.</strong></span> 
     </span>
     <span class='ocr_line' id='line_1_12' title="bbox 250 1202 855 1264; baseline 0.007 -15"><span class='ocrx_word' id='word_1_64' title='bbox 250 1214 310 1264; x_wconf 83' lang='lat' dir='ltr'><strong>x,</strong></span> <span class='ocrx_word' id='word_1_65' title='bbox 333 1204 415 1250; x_wconf 83' lang='grc'><strong>23.</strong></span> <span class='ocrx_word' id='word_1_66' title='bbox 444 1203 625 1252; x_wconf 78' lang='lat' dir='ltr'><strong>Planci</strong></span> <span class='ocrx_word' id='word_1_67' title='bbox 649 1202 715 1252; x_wconf 89' lang='lat' dir='ltr'><strong>ad</strong></span> <span class='ocrx_word' id='word_1_68' title='bbox 742 1203 855 1254; x_wconf 86' lang='lat' dir='ltr'><strong>cic.</strong></span> 
     </span>
    </p>

    <p class='ocr_par' dir='ltr' id='par_1_4' title="bbox 252 1265 1325 1451">
     <span class='ocr_line' id='line_1_13' title="bbox 322 1265 1321 1334; baseline 0.004 -19"><span class='ocrx_word' id='word_1_69' title='bbox 322 1265 561 1316; x_wconf 79' lang='lat' dir='ltr'><strong>Arrectae</strong></span> <span class='ocrx_word' id='word_1_70' title='bbox 613 1267 843 1332; x_wconf 61' lang='lat' dir='ltr'><strong>reliquias</strong></span> <span class='ocrx_word' id='word_1_71' title='bbox 904 1268 1026 1320; x_wconf 83' lang='lat' dir='ltr'><strong>belli</strong></span> <span class='ocrx_word' id='word_1_72' title='bbox 1070 1270 1113 1320; x_wconf 89' lang='lat' dir='ltr'><strong>F</strong></span> <span class='ocrx_word' id='word_1_73' title='bbox 1144 1273 1259 1334; x_wconf 84' lang='grc'><strong>282,</strong></span> <span class='ocrx_word' id='word_1_74' title='bbox 1294 1273 1321 1319; x_wconf 90' lang='grc'><strong>1</strong></span> 
     </span>
     <span class='ocr_line' id='line_1_14' title="bbox 252 1330 1325 1397; baseline 0.007 -19"><span class='ocrx_word' id='word_1_75' title='bbox 252 1330 438 1381; x_wconf 83' lang='lat' dir='ltr'><strong>animis</strong></span> <span class='ocrx_word' id='word_1_76' title='bbox 458 1333 492 1384; x_wconf 93' lang='lat' dir='ltr'><strong>J</strong></span> <span class='ocrx_word' id='word_1_77' title='bbox 517 1337 582 1383; x_wconf 87' lang='grc'><strong>68</strong></span> <span class='ocrx_word' id='word_1_78' title='bbox 617 1334 813 1383; x_wconf 87' lang='lat' dir='ltr'><strong>animus</strong></span> <span class='ocrx_word' id='word_1_79' title='bbox 839 1336 1048 1397; x_wconf 88' lang='lat' dir='ltr'><strong>paulum</strong></span> <span class='ocrx_word' id='word_1_80' title='bbox 1070 1334 1106 1387; x_wconf 92' lang='lat' dir='ltr'><strong>J</strong></span> <span class='ocrx_word' id='word_1_81' title='bbox 1137 1339 1200 1385; x_wconf 81' lang='grc'><strong>93</strong></span> <span class='ocrx_word' id='word_1_82' title='bbox 1236 1349 1325 1385; x_wconf 87' lang='lat' dir='ltr'><strong>eos</strong></span> 
     </span>
     <span class='ocr_line' id='line_1_15' title="bbox 252 1396 1044 1451; baseline 0.004 -5"><span class='ocrx_word' id='word_1_83' title='bbox 252 1396 485 1446; x_wconf 85' lang='lat' dir='ltr'><strong>oratione</strong></span> <span class='ocrx_word' id='word_1_84' title='bbox 508 1412 601 1446; x_wconf 87' lang='lat' dir='ltr'><strong>sna</strong></span> <span class='ocrx_word' id='word_1_85' title='bbox 622 1408 892 1450; x_wconf 85' lang='lat' dir='ltr'><strong>arrexerat</strong></span> <span class='ocrx_word' id='word_1_86' title='bbox 910 1399 944 1451; x_wconf 98' lang='lat' dir='ltr'><strong>J</strong></span> <span class='ocrx_word' id='word_1_87' title='bbox 981 1404 1044 1449; x_wconf 87' lang='grc'><strong>84</strong></span> 
     </span>
    </p>

    <p class='ocr_par' dir='ltr' id='par_1_5' title="bbox 250 1460 1325 1589">
     <span class='ocr_line' id='line_1_16' title="bbox 321 1460 1325 1529; baseline 0.006 -20"><span class='ocrx_word' id='word_1_88' title='bbox 321 1460 587 1524; x_wconf 75' lang='lat' dir='ltr'><strong>Arrogant</strong></span> <span class='ocrx_word' id='word_1_89' title='bbox 631 1464 767 1529; x_wconf 89' lang='lat' dir='ltr'><strong>qnod</strong></span> <span class='ocrx_word' id='word_1_90' title='bbox 817 1481 884 1514; x_wconf 86' lang='lat' dir='ltr'><strong>ex</strong></span> <span class='ocrx_word' id='word_1_91' title='bbox 925 1465 1093 1514; x_wconf 88' lang='lat' dir='ltr'><strong>aliena</strong></span> <span class='ocrx_word' id='word_1_92' title='bbox 1127 1463 1325 1515; x_wconf 75' lang='lat' dir='ltr'><strong>virtute</strong></span> 
     </span>
     <span class='ocr_line' id='line_1_17' title="bbox 250 1525 1325 1589; baseline 0.004 -14"><span class='ocrx_word' id='word_1_93' title='bbox 250 1525 352 1576; x_wconf 71' lang='lat' dir='ltr'><strong>sibi</strong></span> <span class='ocrx_word' id='word_1_94' title='bbox 383 1527 419 1578; x_wconf 88' lang='lat' dir='ltr'>J</span> <span class='ocrx_word' id='word_1_95' title='bbox 440 1532 504 1577; x_wconf 82' lang='grc'><strong>85</strong></span> <span class='ocrx_word' id='word_1_96' title='bbox 571 1537 630 1577; x_wconf 86' lang='lat' dir='ltr'><strong>ut</strong></span> <span class='ocrx_word' id='word_1_97' title='bbox 665 1544 845 1578; x_wconf 91' lang='lat' dir='ltr'><strong>eorum</strong></span> <span class='ocrx_word' id='word_1_98' title='bbox 888 1530 1122 1589; x_wconf 80' lang='lat' dir='ltr'><strong>simultas</strong></span> <span class='ocrx_word' id='word_1_99' title='bbox 1144 1545 1207 1580; x_wconf 85' lang='lat' dir='ltr'><strong>ac</strong></span> <span class='ocrx_word' id='word_1_100' title='bbox 1247 1545 1325 1579; x_wconf 90' lang='lat' dir='ltr'><strong>ar-</strong></span> 
     </span>
    </p>

    <p class='ocr_par' dir='ltr' id='par_1_6' title="bbox 160 1590 1329 3920">
     <span class='ocr_line' id='line_1_18' title="bbox 250 1590 911 1656; baseline 0.005 -15"><span class='ocrx_word' id='word_1_101' title='bbox 250 1593 497 1656; x_wconf 75' lang='lat' dir='ltr'><strong>rogantia</strong></span> <span class='ocrx_word' id='word_1_102' title='bbox 518 1590 621 1642; x_wconf 77' lang='lat' dir='ltr'><strong>fert</strong></span> <span class='ocrx_word' id='word_1_103' title='bbox 644 1593 687 1642; x_wconf 89' lang='lat' dir='ltr'><strong>F</strong></span> <span class='ocrx_word' id='word_1_104' title='bbox 712 1598 827 1656; x_wconf 87' lang='grc'><strong>357,</strong></span> <span class='ocrx_word' id='word_1_105' title='bbox 850 1598 911 1644; x_wconf 93' lang='grc'><strong>13</strong></span> 
     </span>
     <span class='ocr_line' id='line_1_19' title="bbox 160 1655 1324 1710; baseline 0.005 -6"><span class='ocrx_word' id='word_1_106' title='bbox 160 1678 165 1682; x_wconf 88' lang='grc'>·</span> <span class='ocrx_word' id='word_1_107' title='bbox 327 1655 546 1707; x_wconf 77' lang='lat' dir='ltr'><strong>Artibus</strong></span> <span class='ocrx_word' id='word_1_108' title='bbox 585 1658 734 1707; x_wconf 87' lang='lat' dir='ltr'><strong>malis</strong></span> <span class='ocrx_word' id='word_1_109' title='bbox 769 1660 996 1709; x_wconf 86' lang='lat' dir='ltr'><strong>imbutus</strong></span> <span class='ocrx_word' id='word_1_110' title='bbox 1042 1658 1085 1709; x_wconf 91' lang='lat' dir='ltr'>C</span> <span class='ocrx_word' id='word_1_111' title='bbox 1110 1664 1170 1710; x_wconf 89' lang='grc'><strong>13</strong></span> <span class='ocrx_word' id='word_1_112' title='bbox 1237 1660 1324 1710; x_wconf 83' lang='lat' dir='ltr'><strong>Sic</strong></span> 
     </span>
     <span class='ocr_line' id='line_1_20' title="bbox 249 1720 1323 1786; baseline 0.002 -14"><span class='ocrx_word' id='word_1_113' title='bbox 249 1720 516 1773; x_wconf 79' lang='lat' dir='ltr'><strong>Prudent.</strong></span> <span class='ocrx_word' id='word_1_114' title='bbox 538 1722 642 1786; x_wconf 72' lang='grc' dir='ltr'><strong>περὶ</strong></span> <span class='ocrx_word' id='word_1_115' title='bbox 664 1734 804 1786; x_wconf 58' lang='lat' dir='ltr'><strong>areop.</strong></span> <span class='ocrx_word' id='word_1_116' title='bbox 836 1739 912 1774; x_wconf 79' lang='lat' dir='ltr'><strong>vs.</strong></span> <span class='ocrx_word' id='word_1_117' title='bbox 935 1728 1018 1774; x_wconf 75' lang='lat'><strong>22.</strong></span> <span class='ocrx_word' id='word_1_118' title='bbox 1086 1724 1323 1775; x_wconf 80' lang='lat' dir='ltr'><strong>doctissi-</strong></span> 
     </span>
     <span class='ocr_line' id='line_1_21' title="bbox 248 1787 1325 1854; baseline 0.003 -17"><span class='ocrx_word' id='word_1_119' title='bbox 248 1801 369 1837; x_wconf 83' lang='lat' dir='ltr'><strong>mus</strong></span> <span class='ocrx_word' id='word_1_120' title='bbox 409 1787 604 1838; x_wconf 88' lang='lat' dir='ltr'><strong>artibus</strong></span> <span class='ocrx_word' id='word_1_121' title='bbox 643 1788 860 1839; x_wconf 71' lang='lat' dir='ltr'><strong>sinistris</strong></span> <span class='ocrx_word' id='word_1_122' title='bbox 899 1789 1103 1840; x_wconf 78' lang='lat' dir='ltr'><strong>Fraude</strong></span> <span class='ocrx_word' id='word_1_123' title='bbox 1128 1789 1325 1854; x_wconf 83' lang='lat' dir='ltr'><strong>pudici·</strong></span> 
     </span>
     <span class='ocr_line' id='line_1_22' title="bbox 248 1851 1324 1918; baseline 0.003 -16"><span class='ocrx_word' id='word_1_124' title='bbox 248 1853 383 1902; x_wconf 86' lang='lat' dir='ltr'><strong>tiam</strong></span> <span class='ocrx_word' id='word_1_125' title='bbox 428 1851 771 1916; x_wconf 67' lang='lat' dir='ltr'><strong>perfringere,</strong></span> <span class='ocrx_word' id='word_1_126' title='bbox 814 1854 887 1904; x_wconf 89' lang='lat' dir='ltr'><strong>nil</strong></span> <span class='ocrx_word' id='word_1_127' title='bbox 925 1870 1124 1905; x_wconf 82' lang='lat' dir='ltr'><strong>sacrum</strong></span> <span class='ocrx_word' id='word_1_128' title='bbox 1173 1861 1324 1918; x_wconf 89' lang='lat' dir='ltr'><strong>putet</strong></span> 
     </span>
     <span class='ocr_line' id='line_1_23' title="bbox 248 1918 1324 1982; baseline 0.001 -14"><span class='ocrx_word' id='word_1_129' title='bbox 248 1918 401 1968; x_wconf 87' lang='lat' dir='ltr'><strong>bonis</strong></span> <span class='ocrx_word' id='word_1_130' title='bbox 419 1918 452 1969; x_wconf 98' lang='lat' dir='ltr'>J</span> <span class='ocrx_word' id='word_1_131' title='bbox 478 1922 509 1967; x_wconf 89' lang='grc'><strong>4</strong></span> <span class='ocrx_word' id='word_1_132' title='bbox 583 1919 625 1967; x_wconf 88' lang='lat' dir='ltr'><strong>si</strong></span> <span class='ocrx_word' id='word_1_133' title='bbox 651 1932 952 1982; x_wconf 84' lang='lat' dir='ltr'><strong>permanere</strong></span> <span class='ocrx_word' id='word_1_134' title='bbox 972 1921 1131 1970; x_wconf 80' lang='lat' dir='ltr'><strong>venet</strong></span> <span class='ocrx_word' id='word_1_135' title='bbox 1149 1920 1201 1968; x_wconf 89' lang='lat' dir='ltr'><strong>in</strong></span> <span class='ocrx_word' id='word_1_136' title='bbox 1220 1920 1324 1969; x_wconf 86' lang='lat' dir='ltr'><strong>suis</strong></span> 
     </span>
     <span class='ocr_line' id='line_1_24' title="bbox 251 1983 1325 2051; baseline 0 -18"><span class='ocrx_word' id='word_1_137' title='bbox 251 1983 474 2046; x_wconf 85' lang='lat' dir='ltr'><strong>artibus,</strong></span> <span class='ocrx_word' id='word_1_138' title='bbox 526 1983 605 2032; x_wconf 89' lang='lat' dir='ltr'><strong>sin</strong></span> <span class='ocrx_word' id='word_1_139' title='bbox 659 1985 1025 2048; x_wconf 76' lang='lat' dir='ltr'><strong>properantius</strong></span> <span class='ocrx_word' id='word_1_140' title='bbox 1081 1994 1325 2051; x_wconf 80' lang='lat' dir='ltr'><strong>pergeret</strong></span> 
     </span>
     <span class='ocr_line' id='line_1_25' title="bbox 249 2048 1319 2101; baseline 0.001 -2"><span class='ocrx_word' id='word_1_141' title='bbox 249 2048 286 2100; x_wconf 89' lang='lat' dir='ltr'>J</span> <span class='ocrx_word' id='word_1_142' title='bbox 302 2053 337 2097; x_wconf 84' lang='grc'><strong>8</strong></span> <span class='ocrx_word' id='word_1_143' title='bbox 403 2048 682 2098; x_wconf 82' lang='lat' dir='ltr'><strong>Civitatem</strong></span> <span class='ocrx_word' id='word_1_144' title='bbox 705 2050 967 2100; x_wconf 86' lang='lat' dir='ltr'><strong>retinebat</strong></span> <span class='ocrx_word' id='word_1_145' title='bbox 979 2051 1032 2100; x_wconf 87' lang='lat' dir='ltr'><strong>in</strong></span> <span class='ocrx_word' id='word_1_146' title='bbox 1047 2049 1192 2100; x_wconf 86' lang='lat' dir='ltr'><strong>bonis</strong></span> <span class='ocrx_word' id='word_1_147' title='bbox 1207 2051 1241 2101; x_wconf 93' lang='lat' dir='ltr'>J</span> <span class='ocrx_word' id='word_1_148' title='bbox 1260 2055 1319 2100; x_wconf 85' lang='grc'><strong>41</strong></span> 
     </span>
     <span class='ocr_line' id='line_1_26' title="bbox 247 2112 1321 2167; baseline 0.004 -4"><span class='ocrx_word' id='word_1_149' title='bbox 247 2113 357 2163; x_wconf 83' lang='lat' dir='ltr'><strong>suis</strong></span> <span class='ocrx_word' id='word_1_150' title='bbox 380 2128 437 2162; x_wconf 91' lang='lat' dir='ltr'><strong>se</strong></span> <span class='ocrx_word' id='word_1_151' title='bbox 460 2112 659 2163; x_wconf 86' lang='lat' dir='ltr'><strong>artibus</strong></span> <span class='ocrx_word' id='word_1_152' title='bbox 682 2115 879 2164; x_wconf 86' lang='lat' dir='ltr'><strong>tentari</strong></span> <span class='ocrx_word' id='word_1_153' title='bbox 898 2115 1267 2165; x_wconf 74' lang='lat' dir='ltr'><strong>animadvertit</strong></span> <span class='ocrx_word' id='word_1_154' title='bbox 1288 2116 1321 2167; x_wconf 97' lang='lat' dir='ltr'>J</span> 
     </span>
     <span class='ocr_line' id='line_1_27' title="bbox 247 2178 1326 2243; baseline 0.001 -14"><span class='ocrx_word' id='word_1_155' title='bbox 247 2182 319 2229; x_wconf 78' lang='grc'><strong>48</strong></span> <span class='ocrx_word' id='word_1_156' title='bbox 376 2178 751 2243; x_wconf 83' lang='lat' dir='ltr'><strong>dolis,Apuleii</strong></span> <span class='ocrx_word' id='word_1_157' title='bbox 770 2180 986 2230; x_wconf 80' lang='lat' dir='ltr'><strong>Metam.</strong></span> <span class='ocrx_word' id='word_1_158' title='bbox 1007 2182 1078 2243; x_wconf 83' lang='lat' dir='ltr'><strong>iv,</strong></span> <span class='ocrx_word' id='word_1_159' title='bbox 1098 2184 1194 2230; x_wconf 83' lang='grc'><strong>152</strong></span> <span class='ocrx_word' id='word_1_160' title='bbox 1240 2181 1326 2230; x_wconf 81' lang='lat' dir='ltr'><strong>vir</strong></span> 
     </span>
     <span class='ocr_line' id='line_1_28' title="bbox 250 2243 1326 2308; baseline 0.001 -14"><span class='ocrx_word' id='word_1_161' title='bbox 250 2244 494 2308; x_wconf 87' lang='lat' dir='ltr'><strong>egregins</strong></span> <span class='ocrx_word' id='word_1_162' title='bbox 512 2244 563 2292; x_wconf 88' lang='lat' dir='ltr'><strong>in</strong></span> <span class='ocrx_word' id='word_1_163' title='bbox 586 2243 699 2293; x_wconf 86' lang='lat' dir='ltr'><strong>aliis</strong></span> <span class='ocrx_word' id='word_1_164' title='bbox 719 2245 918 2295; x_wconf 86' lang='lat' dir='ltr'><strong>artibus</strong></span> <span class='ocrx_word' id='word_1_165' title='bbox 932 2244 1080 2294; x_wconf 86' lang='lat' dir='ltr'><strong>nimis</strong></span> <span class='ocrx_word' id='word_1_166' title='bbox 1098 2246 1326 2296; x_wconf 88' lang='lat' dir='ltr'><strong>molliter</strong></span> 
     </span>
     <span class='ocr_line' id='line_1_29' title="bbox 247 2308 1324 2375; baseline 0.003 -17"><span class='ocrx_word' id='word_1_167' title='bbox 247 2308 619 2372; x_wconf 65' lang='lat' dir='ltr'><strong>egritudinem</strong></span> <span class='ocrx_word' id='word_1_168' title='bbox 639 2310 746 2373; x_wconf 86' lang='lat' dir='ltr'><strong>pati</strong></span> <span class='ocrx_word' id='word_1_169' title='bbox 765 2310 799 2360; x_wconf 88' lang='lat' dir='ltr'>J</span> <span class='ocrx_word' id='word_1_170' title='bbox 819 2315 890 2365; x_wconf 79' lang='grc'><strong>82,</strong></span> <span class='ocrx_word' id='word_1_171' title='bbox 940 2310 1120 2361; x_wconf 88' lang='lat' dir='ltr'><strong>iisdem</strong></span> <span class='ocrx_word' id='word_1_172' title='bbox 1140 2318 1324 2375; x_wconf 86' lang='lat' dir='ltr'><strong>petere</strong></span> 
     </span>
     <span class='ocr_line' id='line_1_30' title="bbox 248 2375 1325 2439; baseline 0.002 -16"><span class='ocrx_word' id='word_1_173' title='bbox 248 2383 307 2424; x_wconf 78' lang='lat' dir='ltr'><strong>et</strong></span> <span class='ocrx_word' id='word_1_174' title='bbox 330 2387 512 2434; x_wconf 73' lang='lat' dir='ltr'><strong>gerere</strong></span> <span class='ocrx_word' id='word_1_175' title='bbox 536 2375 808 2438; x_wconf 86' lang='lat' dir='ltr'><strong>imperium</strong></span> <span class='ocrx_word' id='word_1_176' title='bbox 836 2376 871 2427; x_wconf 93' lang='lat' dir='ltr'>J</span> <span class='ocrx_word' id='word_1_177' title='bbox 895 2379 956 2425; x_wconf 88' lang='grc'><strong>85</strong></span> <span class='ocrx_word' id='word_1_178' title='bbox 1024 2375 1076 2424; x_wconf 86' lang='lat' dir='ltr'><strong>in</strong></span> <span class='ocrx_word' id='word_1_179' title='bbox 1113 2376 1325 2439; x_wconf 87' lang='lat' dir='ltr'><strong>optimis</strong></span> 
     </span>
     <span class='ocr_line' id='line_1_31' title="bbox 246 2436 1326 2506; baseline 0.003 -18"><span class='ocrx_word' id='word_1_180' title='bbox 246 2438 454 2488; x_wconf 74' lang='lat' dir='ltr'><strong>artibus</strong></span> <span class='ocrx_word' id='word_1_181' title='bbox 469 2444 680 2488; x_wconf 81' lang='lat' dir='ltr'><strong>aetatem</strong></span> <span class='ocrx_word' id='word_1_182' title='bbox 696 2440 780 2504; x_wconf 86' lang='lat' dir='ltr'><strong>egi</strong></span> <span class='ocrx_word' id='word_1_183' title='bbox 795 2439 828 2491; x_wconf 91' lang='lat' dir='ltr'>J</span> <span class='ocrx_word' id='word_1_184' title='bbox 847 2445 909 2490; x_wconf 88' lang='grc'><strong>85</strong></span> <span class='ocrx_word' id='word_1_185' title='bbox 961 2436 1150 2506; x_wconf 88' lang='lat' dir='ltr'><strong>quibus</strong></span> <span class='ocrx_word' id='word_1_186' title='bbox 1172 2439 1326 2491; x_wconf 89' lang='lat' dir='ltr'><strong>rebus</strong></span> 
     </span>
     <span class='ocr_line' id='line_1_32' title="bbox 247 2503 1327 2557; baseline 0.001 -4"><span class='ocrx_word' id='word_1_187' title='bbox 247 2510 309 2553; x_wconf 79' lang='lat' dir='ltr'><strong>et</strong></span> <span class='ocrx_word' id='word_1_188' title='bbox 326 2503 523 2553; x_wconf 83' lang='lat' dir='ltr'><strong>artibus</strong></span> <span class='ocrx_word' id='word_1_189' title='bbox 536 2503 828 2555; x_wconf 85' lang='lat' dir='ltr'><strong>carissimus</strong></span> <span class='ocrx_word' id='word_1_190' title='bbox 844 2504 1015 2556; x_wconf 80' lang='lat' dir='ltr'><strong>factus</strong></span> <span class='ocrx_word' id='word_1_191' title='bbox 1032 2506 1065 2557; x_wconf 91' lang='lat' dir='ltr'>J</span> <span class='ocrx_word' id='word_1_192' title='bbox 1081 2510 1147 2555; x_wconf 84' lang='grc'><strong>96</strong></span> <span class='ocrx_word' id='word_1_193' title='bbox 1182 2504 1327 2555; x_wconf 84' lang='lat' dir='ltr'><strong>bonis</strong></span> 
     </span>
     <span class='ocr_line' id='line_1_33' title="bbox 244 2568 1329 2635; baseline 0.003 -18"><span class='ocrx_word' id='word_1_194' title='bbox 244 2568 400 2635; x_wconf 79' lang='lat' dir='ltr'><strong>pacis</strong></span> <span class='ocrx_word' id='word_1_195' title='bbox 418 2568 614 2618; x_wconf 85' lang='lat' dir='ltr'><strong>artibus</strong></span> <span class='ocrx_word' id='word_1_196' title='bbox 635 2569 679 2618; x_wconf 87' lang='lat' dir='ltr'><strong>F</strong></span> <span class='ocrx_word' id='word_1_197' title='bbox 699 2573 815 2631; x_wconf 83' lang='grc'><strong>340,</strong></span> <span class='ocrx_word' id='word_1_198' title='bbox 839 2575 900 2620; x_wconf 89' lang='grc'><strong>18</strong></span> <span class='ocrx_word' id='word_1_199' title='bbox 947 2570 1128 2634; x_wconf 85' lang='lat' dir='ltr'><strong>adepti</strong></span> <span class='ocrx_word' id='word_1_200' title='bbox 1146 2570 1329 2635; x_wconf 86' lang='lat' dir='ltr'><strong>magis-</strong></span> 
     </span>
     <span class='ocr_line' id='line_1_34' title="bbox 246 2634 1326 2697; baseline 0.003 -14"><span class='ocrx_word' id='word_1_201' title='bbox 246 2639 448 2683; x_wconf 74' lang='lat' dir='ltr'><strong>tratum</strong></span> <span class='ocrx_word' id='word_1_202' title='bbox 474 2634 620 2684; x_wconf 86' lang='lat' dir='ltr'><strong>malis</strong></span> <span class='ocrx_word' id='word_1_203' title='bbox 636 2635 834 2685; x_wconf 86' lang='lat' dir='ltr'><strong>artibus</strong></span> <span class='ocrx_word' id='word_1_204' title='bbox 858 2634 901 2685; x_wconf 97' lang='lat' dir='ltr'><strong>F</strong></span> <span class='ocrx_word' id='word_1_205' title='bbox 920 2638 1036 2697; x_wconf 84' lang='grc'><strong>348,</strong></span> <span class='ocrx_word' id='word_1_206' title='bbox 1051 2639 1116 2685; x_wconf 88' lang='grc'><strong>10</strong></span> <span class='ocrx_word' id='word_1_207' title='bbox 1150 2635 1326 2686; x_wconf 89' lang='lat' dir='ltr'><strong>Tacit.</strong></span> 
     </span>
     <span class='ocr_line' id='line_1_35' title="bbox 246 2697 1327 2750; baseline 0 -1"><span class='ocrx_word' id='word_1_208' title='bbox 246 2697 357 2749; x_wconf 78' lang='lat' dir='ltr'><strong>An.</strong></span> <span class='ocrx_word' id='word_1_209' title='bbox 382 2705 432 2749; x_wconf 85' lang='grc'><strong>5.</strong></span> <span class='ocrx_word' id='word_1_210' title='bbox 464 2714 581 2749; x_wconf 89' lang='lat' dir='ltr'><strong>cum</strong></span> <span class='ocrx_word' id='word_1_211' title='bbox 604 2698 806 2749; x_wconf 88' lang='lat' dir='ltr'><strong>artibus</strong></span> <span class='ocrx_word' id='word_1_212' title='bbox 839 2700 1013 2750; x_wconf 85' lang='lat' dir='ltr'><strong>mariti</strong></span> <span class='ocrx_word' id='word_1_213' title='bbox 1037 2700 1166 2749; x_wconf 86' lang='lat' dir='ltr'><strong>bene</strong></span> <span class='ocrx_word' id='word_1_214' title='bbox 1191 2714 1327 2749; x_wconf 86' lang='lat' dir='ltr'><strong>com·</strong></span> 
     </span>
     <span class='ocr_line' id='line_1_36' title="bbox 250 2764 1327 2831; baseline 0 -17"><span class='ocrx_word' id='word_1_215' title='bbox 250 2764 434 2831; x_wconf 80' lang='lat' dir='ltr'><strong>posita</strong></span> <span class='ocrx_word' id='word_1_216' title='bbox 479 2771 772 2828; x_wconf 85' lang='lat' dir='ltr'><strong>temperare</strong></span> <span class='ocrx_word' id='word_1_217' title='bbox 831 2765 944 2814; x_wconf 88' lang='lat' dir='ltr'><strong>istis</strong></span> <span class='ocrx_word' id='word_1_218' title='bbox 1006 2764 1230 2814; x_wconf 80' lang='lat' dir='ltr'><strong>decebat</strong></span> <span class='ocrx_word' id='word_1_219' title='bbox 1273 2772 1327 2814; x_wconf 90' lang='lat' dir='ltr'><strong>te</strong></span> 
     </span>
     <span class='ocr_line' id='line_1_37' title="bbox 245 2828 1327 2880; baseline 0.002 -3"><span class='ocrx_word' id='word_1_220' title='bbox 245 2828 455 2878; x_wconf 72' lang='lat' dir='ltr'><strong>artibus</strong></span> <span class='ocrx_word' id='word_1_221' title='bbox 509 2828 685 2880; x_wconf 82' lang='lat' dir='ltr'><strong>Plaut.</strong></span> <span class='ocrx_word' id='word_1_222' title='bbox 742 2830 967 2880; x_wconf 83' lang='lat' dir='ltr'><strong>Mercat.</strong></span> <span class='ocrx_word' id='word_1_223' title='bbox 1033 2830 1089 2879; x_wconf 90' lang='lat' dir='ltr'><strong>Si</strong></span> <span class='ocrx_word' id='word_1_224' title='bbox 1145 2828 1327 2880; x_wconf 82' lang='lat' dir='ltr'><strong>eadem</strong></span> 
     </span>
     <span class='ocr_line' id='line_1_38' title="bbox 244 2893 1326 2959; baseline 0.002 -16"><span class='ocrx_word' id='word_1_225' title='bbox 244 2893 701 2959; x_wconf 81' lang='lat' dir='ltr'><strong>studia‘artesqne</strong></span> <span class='ocrx_word' id='word_1_226' title='bbox 755 2894 1031 2946; x_wconf 85' lang='lat' dir='ltr'><strong>Juventuti</strong></span> <span class='ocrx_word' id='word_1_227' title='bbox 1085 2902 1241 2945; x_wconf 87' lang='lat' dir='ltr'><strong>erunt</strong></span> <span class='ocrx_word' id='word_1_228' title='bbox 1286 2896 1326 2945; x_wconf 77' lang='lat' dir='ltr'><strong>F</strong></span> 
     </span>
     <span class='ocr_line' id='line_1_39' title="bbox 243 2957 1329 3023; baseline 0.001 -15"><span class='ocrx_word' id='word_1_229' title='bbox 243 2962 371 3021; x_wconf 72' lang='lat'><strong>⁸46,</strong></span> <span class='ocrx_word' id='word_1_230' title='bbox 393 2963 420 3008; x_wconf 88' lang='lat'>1</span> <span class='ocrx_word' id='word_1_231' title='bbox 490 2957 634 3007; x_wconf 84' lang='lat' dir='ltr'><strong>nulia</strong></span> <span class='ocrx_word' id='word_1_232' title='bbox 654 2959 895 3023; x_wconf 86' lang='lat' dir='ltr'><strong>cuiqnam</strong></span> <span class='ocrx_word' id='word_1_233' title='bbox 916 2958 1129 3009; x_wconf 82' lang='lat' dir='ltr'><strong>inferior</strong></span> <span class='ocrx_word' id='word_1_234' title='bbox 1145 2960 1188 3008; x_wconf 92' lang='lat' dir='ltr'><strong>F</strong></span> <span class='ocrx_word' id='word_1_235' title='bbox 1211 2963 1329 3023; x_wconf 74' lang='grc'><strong>293,</strong></span> 
     </span>
     <span class='ocr_line' id='line_1_40' title="bbox 246 3024 1325 3090; baseline -0.001 -17"><span class='ocrx_word' id='word_1_236' title='bbox 246 3026 320 3074; x_wconf 73' lang='grc'><strong>*10</strong></span> <span class='ocrx_word' id='word_1_237' title='bbox 386 3024 449 3072; x_wconf 88' lang='lat' dir='ltr'><strong>ad</strong></span> <span class='ocrx_word' id='word_1_238' title='bbox 493 3037 605 3073; x_wconf 83' lang='lat' dir='ltr'><strong>eam</strong></span> <span class='ocrx_word' id='word_1_239' title='bbox 628 3033 793 3074; x_wconf 84' lang='lat' dir='ltr'><strong>artem</strong></span> <span class='ocrx_word' id='word_1_240' title='bbox 818 3040 873 3075; x_wconf 80' lang='lat' dir='ltr'><strong>se</strong></span> <span class='ocrx_word' id='word_1_241' title='bbox 915 3024 1133 3090; x_wconf 83' lang='lat' dir='ltr'><strong>quisque</strong></span> <span class='ocrx_word' id='word_1_242' title='bbox 1164 3039 1325 3073; x_wconf 85' lang='lat' dir='ltr'><strong>arma·</strong></span> 
     </span>
     <span class='ocr_line' id='line_1_41' title="bbox 248 3088 1327 3155; baseline 0.002 -17"><span class='ocrx_word' id='word_1_243' title='bbox 248 3088 348 3138; x_wconf 79' lang='lat' dir='ltr'><strong>bat</strong></span> <span class='ocrx_word' id='word_1_244' title='bbox 384 3089 443 3155; x_wconf 89' lang='lat' dir='ltr'><strong>(i.</strong></span> <span class='ocrx_word' id='word_1_245' title='bbox 492 3102 544 3138; x_wconf 92' lang='lat' dir='ltr'><strong>e.</strong></span> <span class='ocrx_word' id='word_1_246' title='bbox 590 3090 742 3152; x_wconf 81' lang='lat' dir='ltr'><strong>juxta</strong></span> <span class='ocrx_word' id='word_1_247' title='bbox 780 3088 972 3153; x_wconf 83' lang='lat' dir='ltr'><strong>artem)</strong></span> <span class='ocrx_word' id='word_1_248' title='bbox 1018 3091 1060 3139; x_wconf 87' lang='lat' dir='ltr'><strong>F</strong></span> <span class='ocrx_word' id='word_1_249' title='bbox 1100 3094 1219 3153; x_wconf 89' lang='grc'><strong>317,</strong></span> <span class='ocrx_word' id='word_1_250' title='bbox 1261 3094 1327 3141; x_wconf 79' lang='lat'><strong>24</strong></span> 
     </span>
     <span class='ocr_line' id='line_1_42' title="bbox 247 3153 1325 3219; baseline -0.001 -15"><span class='ocrx_word' id='word_1_251' title='bbox 247 3162 408 3204; x_wconf 73' lang='lat' dir='ltr'><strong>tanam</strong></span> <span class='ocrx_word' id='word_1_252' title='bbox 424 3154 633 3218; x_wconf 77' lang='lat' dir='ltr'><strong>egregie</strong></span> <span class='ocrx_word' id='word_1_253' title='bbox 652 3155 715 3203; x_wconf 88' lang='lat' dir='ltr'><strong>mi</strong></span> <span class='ocrx_word' id='word_1_254' title='bbox 725 3155 1213 3219; x_wconf 81' lang='lat' dir='ltr'><strong>rabilem—semper</strong></span> <span class='ocrx_word' id='word_1_255' title='bbox 1228 3153 1325 3204; x_wconf 88' lang='lat' dir='ltr'><strong>tibi</strong></span> 
     </span>
     <span class='ocr_line' id='line_1_43' title="bbox 244 3219 1325 3285; baseline 0 -16"><span class='ocrx_word' id='word_1_256' title='bbox 244 3219 502 3282; x_wconf 75' lang='lat' dir='ltr'><strong>majorem</strong></span> <span class='ocrx_word' id='word_1_257' title='bbox 548 3219 771 3268; x_wconf 86' lang='lat' dir='ltr'><strong>animum</strong></span> <span class='ocrx_word' id='word_1_258' title='bbox 814 3220 867 3268; x_wconf 92' lang='lat' dir='ltr'><strong>in</strong></span> <span class='ocrx_word' id='word_1_259' title='bbox 903 3219 1131 3270; x_wconf 78' lang='lat' dir='ltr'><strong>adversis</strong></span> <span class='ocrx_word' id='word_1_260' title='bbox 1172 3234 1325 3285; x_wconf 85' lang='lat' dir='ltr'><strong>quam</strong></span> 
     </span>
     <span class='ocr_line' id='line_1_44' title="bbox 246 3283 1326 3362; baseline -0.002 -28"><span class='ocrx_word' id='word_1_261' title='bbox 246 3283 495 3334; x_wconf 76' lang='lat' dir='ltr'><strong>secundis</strong></span> <span class='ocrx_word' id='word_1_262' title='bbox 519 3285 757 3362; x_wconf 45' lang='lat' dir='ltr'><strong>F·849,.1</strong></span> <span class='ocrx_word' id='word_1_263' title='bbox 828 3285 906 3334; x_wconf 87' lang='lat' dir='ltr'><strong>his</strong></span> <span class='ocrx_word' id='word_1_264' title='bbox 947 3285 1204 3335; x_wconf 80' lang='lat' dir='ltr'><strong>retinetur</strong></span> <span class='ocrx_word' id='word_1_265' title='bbox 1236 3286 1326 3333; x_wconf 90' lang='lat' dir='ltr'><strong>im-</strong></span> 
     </span>
     <span class='ocr_line' id='line_1_45' title="bbox 245 3348 1325 3482; baseline 0 -19"><span class='ocrx_word' id='word_1_266' title='bbox 245 3348 1088 3482; x_wconf 49' lang='lat' dir='ltr'><strong>messzxz-z‘gis&#39;fflmz&#39;g</strong></span> <span class='ocrx_word' id='word_1_267' title='bbox 1123 3350 1325 3465; x_wconf 57' lang='grc' dir='ltr'><strong>ἰίξξίἓ</strong></span> 
     </span>
     <span class='ocr_line' id='line_1_46' title="bbox 245 3479 1323 3546; baseline 0.003 -19"><span class='ocrx_word' id='word_1_268' title='bbox 245 3479 447 3528; x_wconf 78' lang='lat' dir='ltr'><strong>entiam</strong></span> <span class='ocrx_word' id='word_1_269' title='bbox 503 3481 755 3529; x_wconf 89' lang='lat' dir='ltr'><strong>scelerum</strong></span> <span class='ocrx_word' id='word_1_270' title='bbox 811 3488 868 3530; x_wconf 91' lang='lat' dir='ltr'><strong>et</strong></span> <span class='ocrx_word' id='word_1_271' title='bbox 924 3480 1177 3546; x_wconf 88' lang='lat' dir='ltr'><strong>inopiam)</strong></span> <span class='ocrx_word' id='word_1_272' title='bbox 1218 3479 1260 3529; x_wconf 91' lang='lat' dir='ltr'>C</span> <span class='ocrx_word' id='word_1_273' title='bbox 1294 3486 1323 3530; x_wconf 92' lang='grc'><strong>5</strong></span> 
     </span>
     <span class='ocr_line' id='line_1_47' title="bbox 243 3542 1326 3596; baseline 0.001 -4"><span class='ocrx_word' id='word_1_274' title='bbox 243 3542 451 3593; x_wconf 83' lang='lat' dir='ltr'><strong>duabus</strong></span> <span class='ocrx_word' id='word_1_275' title='bbox 486 3544 562 3594; x_wconf 84' lang='lat' dir='ltr'><strong>bis</strong></span> <span class='ocrx_word' id='word_1_276' title='bbox 601 3544 795 3594; x_wconf 85' lang='lat' dir='ltr'><strong>artibus</strong></span> <span class='ocrx_word' id='word_1_277' title='bbox 837 3545 1051 3595; x_wconf 83' lang='lat' dir='ltr'><strong>audacia</strong></span> <span class='ocrx_word' id='word_1_278' title='bbox 1074 3554 1129 3596; x_wconf 86' lang='lat' dir='ltr'><strong>et</strong></span> <span class='ocrx_word' id='word_1_279' title='bbox 1168 3561 1210 3595; x_wconf 65' lang='grc' dir='ltr'>ω</span> <span class='ocrx_word' id='word_1_280' title='bbox 1255 3547 1326 3594; x_wconf 88' lang='lat' dir='ltr'><strong>ui-</strong></span> 
     </span>
     <span class='ocr_line' id='line_1_48' title="bbox 246 3608 1326 3661; baseline 0.002 -4"><span class='ocrx_word' id='word_1_281' title='bbox 246 3614 365 3659; x_wconf 65' lang='lat' dir='ltr'><strong>tato</strong></span> <span class='ocrx_word' id='word_1_282' title='bbox 406 3609 494 3659; x_wconf 84' lang='lat' dir='ltr'><strong>C9</strong></span> <span class='ocrx_word' id='word_1_283' title='bbox 562 3610 710 3659; x_wconf 69' lang='lat' dir='ltr'><strong>bonae</strong></span> <span class='ocrx_word' id='word_1_284' title='bbox 758 3608 945 3659; x_wconf 81' lang='lat' dir='ltr'><strong>famam</strong></span> <span class='ocrx_word' id='word_1_285' title='bbox 986 3612 1030 3661; x_wconf 90' lang='lat' dir='ltr'>C</span> <span class='ocrx_word' id='word_1_286' title='bbox 1052 3614 1084 3659; x_wconf 87' lang='grc'><strong>2</strong></span> <span class='ocrx_word' id='word_1_287' title='bbox 1151 3611 1203 3660; x_wconf 84' lang='lat' dir='ltr'><strong>in</strong></span> <span class='ocrx_word' id='word_1_288' title='bbox 1247 3624 1326 3659; x_wconf 82' lang='lat' dir='ltr'><strong>us-</strong></span> 
     </span>
     <span class='ocr_line' id='line_1_49' title="bbox 246 3672 1324 3738; baseline 0.001 -15"><span class='ocrx_word' id='word_1_289' title='bbox 246 3672 405 3723; x_wconf 79' lang='lat' dir='ltr'><strong>triam</strong></span> <span class='ocrx_word' id='word_1_290' title='bbox 426 3673 653 3738; x_wconf 82' lang='lat' dir='ltr'><strong>aliasque</strong></span> <span class='ocrx_word' id='word_1_291' title='bbox 679 3676 837 3724; x_wconf 88' lang='lat' dir='ltr'><strong>bonas</strong></span> <span class='ocrx_word' id='word_1_292' title='bbox 857 3675 893 3726; x_wconf 89' lang='lat' dir='ltr'>J</span> <span class='ocrx_word' id='word_1_293' title='bbox 919 3681 946 3725; x_wconf 89' lang='lat'>1</span> <span class='ocrx_word' id='word_1_294' title='bbox 1016 3677 1083 3726; x_wconf 82' lang='lat' dir='ltr'><strong>ob</strong></span> <span class='ocrx_word' id='word_1_295' title='bbox 1117 3673 1324 3725; x_wconf 77' lang='lat' dir='ltr'><strong>easdem</strong></span> 
     </span>
     <span class='ocr_line' id='line_1_50' title="bbox 242 3738 1322 3803; baseline -0.003 -14"><span class='ocrx_word' id='word_1_296' title='bbox 242 3738 304 3789; x_wconf 78' lang='lat' dir='ltr'><strong>in</strong></span> <span class='ocrx_word' id='word_1_297' title='bbox 360 3753 573 3803; x_wconf 79' lang='lat' dir='ltr'><strong>regnum</strong></span> <span class='ocrx_word' id='word_1_298' title='bbox 630 3739 935 3803; x_wconf 89' lang='lat' dir='ltr'><strong>adoptatum</strong></span> <span class='ocrx_word' id='word_1_299' title='bbox 982 3739 1017 3791; x_wconf 91' lang='lat' dir='ltr'>J</span> <span class='ocrx_word' id='word_1_300' title='bbox 1042 3745 1106 3790; x_wconf 87' lang='grc'><strong>22</strong></span> <span class='ocrx_word' id='word_1_301' title='bbox 1194 3740 1322 3790; x_wconf 83' lang='lat' dir='ltr'><strong>Cum</strong></span> 
     </span>
     <span class='ocr_line' id='line_1_51' title="bbox 245 3805 1324 3870; baseline 0.001 -18"><span class='ocrx_word' id='word_1_302' title='bbox 245 3811 470 3869; x_wconf 81' lang='lat' dir='ltr'><strong>propter</strong></span> <span class='ocrx_word' id='word_1_303' title='bbox 484 3814 623 3853; x_wconf 87' lang='lat' dir='ltr'><strong>artes</strong></span> <span class='ocrx_word' id='word_1_304' title='bbox 642 3805 801 3854; x_wconf 75' lang='lat' dir='ltr'><strong>bonas</strong></span> <span class='ocrx_word' id='word_1_305' title='bbox 821 3814 928 3854; x_wconf 90' lang='lat' dir='ltr'><strong>tum</strong></span> <span class='ocrx_word' id='word_1_306' title='bbox 948 3806 1170 3854; x_wconf 85' lang='lat' dir='ltr'><strong>maxime</strong></span> <span class='ocrx_word' id='word_1_307' title='bbox 1189 3805 1324 3870; x_wconf 85' lang='lat' dir='ltr'><strong>quod</strong></span> 
     </span>
     <span class='ocr_line' id='line_1_52' title="bbox 247 3869 1324 3920; baseline -0.001 -1"><span class='ocrx_word' id='word_1_308' title='bbox 247 3869 527 3919; x_wconf 72' lang='lat' dir='ltr'><strong>adversum</strong></span> <span class='ocrx_word' id='word_1_309' title='bbox 570 3870 777 3919; x_wconf 83' lang='lat' dir='ltr'><strong>divitias</strong></span> <span class='ocrx_word' id='word_1_310' title='bbox 826 3871 1076 3920; x_wconf 81' lang='lat' dir='ltr'><strong>invictum</strong></span> <span class='ocrx_word' id='word_1_311' title='bbox 1101 3870 1324 3919; x_wconf 80' lang='lat' dir='ltr'><strong>animum</strong></span> 
     </span>
    </p>

    <p class='ocr_par' dir='ltr' id='par_1_7' title="bbox 242 3933 1326 4131">
     <span class='ocr_line' id='line_1_53' title="bbox 318 3933 1324 3995; baseline 0.001 -13"><span class='ocrx_word' id='word_1_312' title='bbox 318 3934 524 3986; x_wconf 86' lang='lat' dir='ltr'><strong>rebatJ</strong></span> <span class='ocrx_word' id='word_1_313' title='bbox 550 3938 613 3983; x_wconf 78' lang='grc'><strong>43</strong></span> <span class='ocrx_word' id='word_1_314' title='bbox 681 3933 817 3985; x_wconf 89' lang='lat' dir='ltr'><strong>inter</strong></span> <span class='ocrx_word' id='word_1_315' title='bbox 862 3936 1019 3984; x_wconf 84' lang='lat' dir='ltr'><strong>bonas</strong></span> <span class='ocrx_word' id='word_1_316' title='bbox 1065 3936 1324 3995; x_wconf 80' lang='lat' dir='ltr'><strong>integrum</strong></span> 
     </span>
     <span class='ocr_line' id='line_1_54' title="bbox 242 4000 1326 4131; baseline 0 -18"><span class='ocrx_word' id='word_1_317' title='bbox 242 4000 980 4131; x_wconf 50' lang='grc' dir='ltr'><strong>ὲῗξιῗζέωεὲῗὲᾚὲἱιὲαῗῗω</strong></span> <span class='ocrx_word' id='word_1_318' title='bbox 1004 4000 1181 4114; x_wconf 64' lang='lat'><strong>22:532:</strong></span> <span class='ocrx_word' id='word_1_319' title='bbox 1209 4014 1326 4113; x_wconf 66' lang='lat' dir='ltr'><strong>{³5ss·</strong></span> 
     </span>
    </p>

    <p class='ocr_par' dir='ltr' id='par_1_8' title="bbox 239 4093 1325 4394">
     <span class='ocr_line' id='line_1_55' title="bbox 467 4093 1325 4127; baseline 0.003 0"><span class='ocrx_word' id='word_1_320' title='bbox 467 4100 483 4127; x_wconf 61' lang='grc' dir='ltr'>ν</span> <span class='ocrx_word' id='word_1_321' title='bbox 1143 4104 1150 4111; x_wconf 85' lang='lat'><strong>·</strong></span> <span class='ocrx_word' id='word_1_322' title='bbox 1306 4093 1325 4104; x_wconf 83' lang='grc'><em>“</em></span> 
     </span>
     <span class='ocr_line' id='line_1_56' title="bbox 246 4129 1323 4181; baseline 0.003 -3"><span class='ocrx_word' id='word_1_323' title='bbox 246 4129 412 4179; x_wconf 73' lang='lat' dir='ltr'><strong>vertit</strong></span> <span class='ocrx_word' id='word_1_324' title='bbox 445 4129 487 4179; x_wconf 89' lang='lat' dir='ltr'>C</span> <span class='ocrx_word' id='word_1_325' title='bbox 514 4133 575 4178; x_wconf 91' lang='grc'><strong>10</strong></span> <span class='ocrx_word' id='word_1_326' title='bbox 617 4137 672 4179; x_wconf 89' lang='lat' dir='ltr'><strong>et</strong></span> <span class='ocrx_word' id='word_1_327' title='bbox 712 4135 769 4180; x_wconf 92' lang='grc'><strong>11</strong></span> <span class='ocrx_word' id='word_1_328' title='bbox 844 4132 1001 4180; x_wconf 79' lang='lat' dir='ltr'><strong>variae</strong></span> <span class='ocrx_word' id='word_1_329' title='bbox 1040 4131 1199 4181; x_wconf 80' lang='lat' dir='ltr'><strong>animi</strong></span> <span class='ocrx_word' id='word_1_330' title='bbox 1232 4131 1266 4181; x_wconf 91' lang='lat' dir='ltr'>J</span> <span class='ocrx_word' id='word_1_331' title='bbox 1291 4132 1323 4180; x_wconf 86' lang='grc'><strong>2</strong></span> 
     </span>
     <span class='ocr_line' id='line_1_57' title="bbox 242 4194 1322 4261; baseline 0.002 -17"><span class='ocrx_word' id='word_1_332' title='bbox 242 4195 425 4244; x_wconf 67' lang='lat' dir='ltr'><strong>multe</strong></span> <span class='ocrx_word' id='word_1_333' title='bbox 466 4194 719 4259; x_wconf 79' lang='lat' dir='ltr'><strong>bonaeque</strong></span> <span class='ocrx_word' id='word_1_334' title='bbox 759 4196 913 4245; x_wconf 85' lang='lat' dir='ltr'><strong>animi</strong></span> <span class='ocrx_word' id='word_1_335' title='bbox 940 4205 992 4244; x_wconf 85' lang='lat' dir='ltr'><strong>et</strong></span> <span class='ocrx_word' id='word_1_336' title='bbox 1032 4195 1322 4261; x_wconf 88' lang='lat' dir='ltr'><strong>corporisJ</strong></span> 
     </span>
     <span class='ocr_line' id='line_1_58' title="bbox 245 4259 1324 4326; baseline 0.003 -18"><span class='ocrx_word' id='word_1_337' title='bbox 245 4260 316 4309; x_wconf 75' lang='grc'><strong>28</strong></span> <span class='ocrx_word' id='word_1_338' title='bbox 388 4259 591 4309; x_wconf 82' lang='lat' dir='ltr'><strong>luxoria</strong></span> <span class='ocrx_word' id='word_1_339' title='bbox 613 4269 670 4309; x_wconf 88' lang='lat' dir='ltr'><strong>et</strong></span> <span class='ocrx_word' id='word_1_340' title='bbox 695 4262 901 4326; x_wconf 80' lang='lat' dir='ltr'><strong>ignavia</strong></span> <span class='ocrx_word' id='word_1_341' title='bbox 920 4262 1160 4325; x_wconf 63' lang='lat' dir='ltr'><strong>pessimae</strong></span> <span class='ocrx_word' id='word_1_342' title='bbox 1185 4268 1324 4311; x_wconf 82' lang='lat' dir='ltr'><strong>artes</strong></span> 
     </span>
     <span class='ocr_line' id='line_1_59' title="bbox 239 4324 1322 4394; baseline -0.002 -17"><span class='ocrx_word' id='word_1_343' title='bbox 239 4324 279 4377; x_wconf 83' lang='lat' dir='ltr'><strong>J</strong></span> <span class='ocrx_word' id='word_1_344' title='bbox 303 4328 365 4376; x_wconf 73' lang='grc'><strong>85</strong></span> <span class='ocrx_word' id='word_1_345' title='bbox 434 4326 933 4394; x_wconf 79' lang='lat' dir='ltr'><strong>pravas-malasque</strong></span> <span class='ocrx_word' id='word_1_346' title='bbox 971 4324 1233 4378; x_wconf 78' lang='lat' dir='ltr'><strong>lubidines</strong></span> <span class='ocrx_word' id='word_1_347' title='bbox 1278 4324 1322 4375; x_wconf 73' lang='grc' dir='ltr'><strong>Ε·</strong></span> 
     </span>
    </p>
   </div>
   <div class='ocr_carea' id='block_1_3' title="bbox 2295 394 2470 459">
    <p class='ocr_par' dir='ltr' id='par_1_9' title="bbox 2295 394 2470 459">
     <span class='ocr_line' id='line_1_60' title="bbox 2295 394 2470 459; baseline 0 0"><span class='ocrx_word' id='word_1_348' title='bbox 2295 394 2470 459; x_wconf 73' lang='lat' dir='ltr'><strong>xxxi</strong></span> 
     </span>
    </p>
   </div>
   <div class='ocr_carea' id='block_1_4' title="bbox 1396 546 2483 4388">
    <p class='ocr_par' dir='ltr' id='par_1_10' title="bbox 1396 546 2483 4388">
     <span class='ocr_line' id='line_1_61' title="bbox 1400 546 2470 619; baseline 0.003 -18"><span class='ocrx_word' id='word_1_349' title='bbox 1400 550 1519 614; x_wconf 84' lang='grc'><strong>345,</strong></span> <span class='ocrx_word' id='word_1_350' title='bbox 1537 554 1601 601; x_wconf 87' lang='lat' dir='ltr'><strong>lo</strong></span> <span class='ocrx_word' id='word_1_351' title='bbox 1665 546 1718 599; x_wconf 89' lang='lat' dir='ltr'><strong>in</strong></span> <span class='ocrx_word' id='word_1_352' title='bbox 1742 554 1879 602; x_wconf 87' lang='lat' dir='ltr'><strong>artes</strong></span> <span class='ocrx_word' id='word_1_353' title='bbox 1901 550 2139 619; x_wconf 84' lang='lat' dir='ltr'><strong>vitasque</strong></span> <span class='ocrx_word' id='word_1_354' title='bbox 2176 551 2348 603; x_wconf 79' lang='lat' dir='ltr'><strong>varias</strong></span> <span class='ocrx_word' id='word_1_355' title='bbox 2370 550 2470 604; x_wconf 77' lang='lat' dir='ltr'><strong>dis·</strong></span> 
     </span>
     <span class='ocr_line' id='line_1_62' title="bbox 1402 616 2470 682; baseline 0.003 -16"><span class='ocrx_word' id='word_1_356' title='bbox 1402 618 1578 681; x_wconf 83' lang='lat' dir='ltr'><strong>palata</strong></span> <span class='ocrx_word' id='word_1_357' title='bbox 1601 617 1645 665; x_wconf 92' lang='lat' dir='ltr'><strong>F</strong></span> <span class='ocrx_word' id='word_1_358' title='bbox 1665 620 1781 679; x_wconf 82' lang='grc'><strong>352,</strong></span> <span class='ocrx_word' id='word_1_359' title='bbox 1803 621 1835 666; x_wconf 91' lang='grc'><strong>8</strong></span> <span class='ocrx_word' id='word_1_360' title='bbox 1900 632 2069 682; x_wconf 86' lang='lat' dir='ltr'><strong>neque</strong></span> <span class='ocrx_word' id='word_1_361' title='bbox 2090 616 2367 682; x_wconf 85' lang='lat' dir='ltr'><strong>disciplina</strong></span> <span class='ocrx_word' id='word_1_362' title='bbox 2381 633 2470 669; x_wconf 89' lang='lat' dir='ltr'><strong>ne·</strong></span> 
     </span>
     <span class='ocr_line' id='line_1_63' title="bbox 1401 682 2470 748; baseline 0.001 -16"><span class='ocrx_word' id='word_1_363' title='bbox 1401 697 1505 748; x_wconf 91' lang='lat' dir='ltr'><strong>que</strong></span> <span class='ocrx_word' id='word_1_364' title='bbox 1525 689 1666 732; x_wconf 85' lang='lat' dir='ltr'><strong>artes</strong></span> <span class='ocrx_word' id='word_1_365' title='bbox 1681 682 1829 731; x_wconf 72' lang='lat' dir='ltr'><strong>bona»,</strong></span> <span class='ocrx_word' id='word_1_366' title='bbox 1847 697 2014 747; x_wconf 83' lang='lat' dir='ltr'><strong>neque</strong></span> <span class='ocrx_word' id='word_1_367' title='bbox 2031 683 2289 747; x_wconf 78' lang='lat' dir='ltr'><strong>ingenium</strong></span> <span class='ocrx_word' id='word_1_368' title='bbox 2311 684 2470 733; x_wconf 89' lang='lat' dir='ltr'><strong>ullum</strong></span> 
     </span>
     <span class='ocr_line' id='line_1_64' title="bbox 1400 748 2471 812; baseline 0.004 -17"><span class='ocrx_word' id='word_1_369' title='bbox 1400 749 1526 797; x_wconf 85' lang='lat' dir='ltr'><strong>satis</strong></span> <span class='ocrx_word' id='word_1_370' title='bbox 1551 748 1711 811; x_wconf 84' lang='lat' dir='ltr'><strong>pollet</strong></span> <span class='ocrx_word' id='word_1_371' title='bbox 1741 748 1777 795; x_wconf 72' lang='lat' dir='ltr'>F</span> <span class='ocrx_word' id='word_1_372' title='bbox 1798 752 1914 812; x_wconf 86' lang='grc'><strong>353,</strong></span> <span class='ocrx_word' id='word_1_373' title='bbox 1937 752 1997 796; x_wconf 92' lang='grc'><strong>17</strong></span> <span class='ocrx_word' id='word_1_374' title='bbox 2064 749 2288 798; x_wconf 86' lang='lat' dir='ltr'><strong>insolens</strong></span> <span class='ocrx_word' id='word_1_375' title='bbox 2311 750 2471 799; x_wconf 85' lang='lat' dir='ltr'><strong>mala·</strong></span> 
     </span>
     <span class='ocr_line' id='line_1_65' title="bbox 1400 813 2470 878; baseline 0.002 -16"><span class='ocrx_word' id='word_1_376' title='bbox 1400 827 1513 862; x_wconf 88' lang='lat' dir='ltr'><strong>rum</strong></span> <span class='ocrx_word' id='word_1_377' title='bbox 1561 813 1745 863; x_wconf 85' lang='lat' dir='ltr'><strong>artium</strong></span> <span class='ocrx_word' id='word_1_378' title='bbox 1779 813 1822 862; x_wconf 93' lang='lat' dir='ltr'>C</span> <span class='ocrx_word' id='word_1_379' title='bbox 1867 817 1896 862; x_wconf 85' lang='grc'><strong>3</strong></span> <span class='ocrx_word' id='word_1_380' title='bbox 1940 821 1995 862; x_wconf 91' lang='lat' dir='ltr'><strong>et</strong></span> <span class='ocrx_word' id='word_1_381' title='bbox 2032 813 2065 864; x_wconf 91' lang='lat' dir='ltr'>J</span> <span class='ocrx_word' id='word_1_382' title='bbox 2089 817 2151 863; x_wconf 88' lang='grc'><strong>41</strong></span> <span class='ocrx_word' id='word_1_383' title='bbox 2245 828 2341 878; x_wconf 89' lang='lat' dir='ltr'><strong>per</strong></span> <span class='ocrx_word' id='word_1_384' title='bbox 2384 814 2470 864; x_wconf 84' lang='lat' dir='ltr'><strong>bo·</strong></span> 
     </span>
     <span class='ocr_line' id='line_1_66' title="bbox 1400 876 2470 941; baseline 0.002 -14"><span class='ocrx_word' id='word_1_385' title='bbox 1400 878 1568 928; x_wconf 85' lang='lat' dir='ltr'><strong>mines</strong></span> <span class='ocrx_word' id='word_1_386' title='bbox 1617 876 1733 927; x_wconf 84' lang='lat' dir='ltr'><strong>talis</strong></span> <span class='ocrx_word' id='word_1_387' title='bbox 1771 878 1967 941; x_wconf 82' lang='lat' dir='ltr'><strong>negotii</strong></span> <span class='ocrx_word' id='word_1_388' title='bbox 1992 876 2240 937; x_wconf 80' lang='lat' dir='ltr'><strong>artifices,</strong></span> <span class='ocrx_word' id='word_1_389' title='bbox 2281 878 2470 930; x_wconf 87' lang='lat' dir='ltr'><strong>itinera</strong></span> 
     </span>
     <span class='ocr_line' id='line_1_67' title="bbox 1401 943 2471 1021; baseline 0 -28"><span class='ocrx_word' id='word_1_390' title='bbox 1401 958 1739 1008; x_wconf 84' lang='lat' dir='ltr'><strong>egressusque</strong></span> <span class='ocrx_word' id='word_1_391' title='bbox 1762 944 1876 1021; x_wconf 70' lang='lat' dir='ltr'><strong>ejus</strong></span> <span class='ocrx_word' id='word_1_392' title='bbox 1900 943 2136 1008; x_wconf 82' lang='lat' dir='ltr'><strong>explorat</strong></span> <span class='ocrx_word' id='word_1_393' title='bbox 2159 944 2192 995; x_wconf 89' lang='lat' dir='ltr'>J</span> <span class='ocrx_word' id='word_1_394' title='bbox 2216 948 2275 992; x_wconf 84' lang='grc'><strong>35</strong></span> <span class='ocrx_word' id='word_1_395' title='bbox 2344 944 2471 993; x_wconf 85' lang='lat' dir='ltr'><strong>Sua·</strong></span> 
     </span>
     <span class='ocr_line' id='line_1_68' title="bbox 1400 1007 2471 1071; baseline 0.002 -14"><span class='ocrx_word' id='word_1_396' title='bbox 1400 1008 1580 1070; x_wconf 88' lang='lat' dir='ltr'><strong>dendi‚</strong></span> <span class='ocrx_word' id='word_1_397' title='bbox 1626 1008 1847 1060; x_wconf 73' lang='lat' dir='ltr'><strong>Quintil.</strong></span> <span class='ocrx_word' id='word_1_398' title='bbox 1887 1010 1941 1071; x_wconf 90' lang='lat' dir='ltr'><strong>ii,</strong></span> <span class='ocrx_word' id='word_1_399' title='bbox 1988 1013 2050 1061; x_wconf 85' lang='lat'><strong>16</strong></span> <span class='ocrx_word' id='word_1_400' title='bbox 2116 1007 2167 1058; x_wconf 90' lang='grc' dir='ltr'><strong>Ο</strong></span> <span class='ocrx_word' id='word_1_401' title='bbox 2218 1007 2471 1059; x_wconf 85' lang='lat' dir='ltr'><strong>artificem</strong></span> 
     </span>
     <span class='ocr_line' id='line_1_69' title="bbox 1400 1072 2474 1136; baseline 0.001 -14"><span class='ocrx_word' id='word_1_402' title='bbox 1400 1074 1621 1136; x_wconf 90' lang='lat' dir='ltr'><strong>probum</strong></span> <span class='ocrx_word' id='word_1_403' title='bbox 1638 1073 1854 1125; x_wconf 82' lang='lat' dir='ltr'><strong>Terent.</strong></span> <span class='ocrx_word' id='word_1_404' title='bbox 1874 1075 2085 1123; x_wconf 84' lang='lat' dir='ltr'><strong>Phorm.</strong></span> <span class='ocrx_word' id='word_1_405' title='bbox 2109 1072 2165 1134; x_wconf 84' lang='lat' dir='ltr'><strong>ii,</strong></span> <span class='ocrx_word' id='word_1_406' title='bbox 2187 1077 2234 1132; x_wconf 88' lang='lat'><strong>1,</strong></span> <span class='ocrx_word' id='word_1_407' title='bbox 2256 1074 2337 1124; x_wconf 77' lang='lat'><strong>29.</strong></span> <span class='ocrx_word' id='word_1_408' title='bbox 2396 1089 2474 1123; x_wconf 84' lang='lat' dir='ltr'><strong>ar·</strong></span> 
     </span>
     <span class='ocr_line' id='line_1_70' title="bbox 1400 1136 2476 1203; baseline -0.002 -12"><span class='ocrx_word' id='word_1_409' title='bbox 1400 1138 1684 1191; x_wconf 85' lang='lat' dir='ltr'><strong>tificioillis</strong></span> <span class='ocrx_word' id='word_1_410' title='bbox 1706 1153 1835 1202; x_wconf 84' lang='lat' dir='ltr'><strong>opus</strong></span> <span class='ocrx_word' id='word_1_411' title='bbox 1871 1140 1948 1189; x_wconf 88' lang='lat' dir='ltr'><strong>uti</strong></span> <span class='ocrx_word' id='word_1_412' title='bbox 1990 1138 2163 1203; x_wconf 86' lang='lat' dir='ltr'><strong>turpia</strong></span> <span class='ocrx_word' id='word_1_413' title='bbox 2201 1136 2342 1188; x_wconf 82' lang='lat' dir='ltr'><strong>facta</strong></span> <span class='ocrx_word' id='word_1_414' title='bbox 2362 1150 2476 1189; x_wconf 72' lang='lat' dir='ltr'><strong>ora-</strong></span> 
     </span>
     <span class='ocr_line' id='line_1_71' title="bbox 1402 1204 1886 1267; baseline 0.004 -13"><span class='ocrx_word' id='word_1_415' title='bbox 1402 1204 1544 1254; x_wconf 87' lang='lat' dir='ltr'><strong>tione</strong></span> <span class='ocrx_word' id='word_1_416' title='bbox 1569 1208 1750 1267; x_wconf 82' lang='lat' dir='ltr'><strong>tegant</strong></span> <span class='ocrx_word' id='word_1_417' title='bbox 1767 1204 1801 1256; x_wconf 92' lang='lat' dir='ltr'>J</span> <span class='ocrx_word' id='word_1_418' title='bbox 1825 1209 1886 1255; x_wconf 81' lang='lat'><strong>85</strong></span> 
     </span>
     <span class='ocr_line' id='line_1_72' title="bbox 1466 1265 2471 1333; baseline 0.003 -16"><span class='ocrx_word' id='word_1_419' title='bbox 1466 1268 1608 1318; x_wconf 83' lang='lat' dir='ltr'><strong>Arvo</strong></span> <span class='ocrx_word' id='word_1_420' title='bbox 1627 1268 1856 1333; x_wconf 82' lang='lat' dir='ltr'><strong>student,</strong></span> <span class='ocrx_word' id='word_1_421' title='bbox 1876 1269 1938 1333; x_wconf 89' lang='lat' dir='ltr'><strong>(i.</strong></span> <span class='ocrx_word' id='word_1_422' title='bbox 1964 1283 2011 1318; x_wconf 92' lang='lat' dir='ltr'><strong>e.</strong></span> <span class='ocrx_word' id='word_1_423' title='bbox 2036 1265 2396 1333; x_wconf 71' lang='lat' dir='ltr'><strong>agriculturae)</strong></span> <span class='ocrx_word' id='word_1_424' title='bbox 2435 1269 2471 1320; x_wconf 93' lang='lat' dir='ltr'>J</span> 
     </span>
     <span class='ocr_line' id='line_1_73' title="bbox 1400 1332 2471 1397; baseline -0.002 -13"><span class='ocrx_word' id='word_1_425' title='bbox 1400 1337 1466 1384; x_wconf 81' lang='grc'><strong>90</strong></span> <span class='ocrx_word' id='word_1_426' title='bbox 1530 1333 1813 1384; x_wconf 84' lang='lat' dir='ltr'><strong>ascendere</strong></span> <span class='ocrx_word' id='word_1_427' title='bbox 1837 1349 2058 1397; x_wconf 88' lang='lat' dir='ltr'><strong>murum,</strong></span> <span class='ocrx_word' id='word_1_428' title='bbox 2078 1334 2276 1383; x_wconf 85' lang='lat' dir='ltr'><strong>hostem</strong></span> <span class='ocrx_word' id='word_1_429' title='bbox 2312 1332 2471 1383; x_wconf 86' lang='lat' dir='ltr'><strong>ferire</strong></span> 
     </span>
     <span class='ocr_line' id='line_1_74' title="bbox 1407 1398 2254 1463; baseline 0.001 -16"><span class='ocrx_word' id='word_1_430' title='bbox 1407 1398 1451 1457; x_wconf 81' lang='lat' dir='ltr'>C</span> <span class='ocrx_word' id='word_1_431' title='bbox 1472 1402 1505 1447; x_wconf 95' lang='grc'><strong>7</strong></span> <span class='ocrx_word' id='word_1_432' title='bbox 1572 1400 1783 1463; x_wconf 88' lang='lat' dir='ltr'><strong>equosJ</strong></span> <span class='ocrx_word' id='word_1_433' title='bbox 1801 1404 1869 1448; x_wconf 76' lang='grc'><strong>97</strong></span> <span class='ocrx_word' id='word_1_434' title='bbox 1939 1400 2109 1449; x_wconf 83' lang='lat' dir='ltr'><strong>navim</strong></span> <span class='ocrx_word' id='word_1_435' title='bbox 2133 1399 2166 1450; x_wconf 98' lang='lat' dir='ltr'>J</span> <span class='ocrx_word' id='word_1_436' title='bbox 2192 1402 2254 1448; x_wconf 90' lang='grc'><strong>25</strong></span> 
     </span>
     <span class='ocr_line' id='line_1_75' title="bbox 1472 1462 2133 1528; baseline -0.002 -15"><span class='ocrx_word' id='word_1_437' title='bbox 1472 1462 1736 1513; x_wconf 75' lang='lat' dir='ltr'><strong>Ascensus</strong></span> <span class='ocrx_word' id='word_1_438' title='bbox 1758 1464 1991 1528; x_wconf 84' lang='lat' dir='ltr'><strong>asperior</strong></span> <span class='ocrx_word' id='word_1_439' title='bbox 2013 1464 2047 1516; x_wconf 91' lang='lat' dir='ltr'>J</span> <span class='ocrx_word' id='word_1_440' title='bbox 2069 1467 2133 1512; x_wconf 79' lang='lat'><strong>94</strong></span> 
     </span>
     <span class='ocr_line' id='line_1_76' title="bbox 1473 1527 2107 1593; baseline 0.002 -15"><span class='ocrx_word' id='word_1_441' title='bbox 1473 1527 1737 1579; x_wconf 84' lang='lat' dir='ltr'><strong>Ascivisse</strong></span> <span class='ocrx_word' id='word_1_442' title='bbox 1760 1529 1937 1593; x_wconf 87' lang='lat' dir='ltr'><strong>plures</strong></span> <span class='ocrx_word' id='word_1_443' title='bbox 1979 1530 2021 1579; x_wconf 90' lang='lat' dir='ltr'>C</span> <span class='ocrx_word' id='word_1_444' title='bbox 2042 1533 2107 1579; x_wconf 81' lang='grc'><strong>24</strong></span> 
     </span>
     <span class='ocr_line' id='line_1_77' title="bbox 1466 1592 2473 1658; baseline -0.001 -15"><span class='ocrx_word' id='word_1_445' title='bbox 1466 1593 1639 1658; x_wconf 82' lang='lat' dir='ltr'><strong>Asper</strong></span> <span class='ocrx_word' id='word_1_446' title='bbox 1662 1595 1807 1644; x_wconf 87' lang='lat' dir='ltr'><strong>locus</strong></span> <span class='ocrx_word' id='word_1_447' title='bbox 1831 1602 1921 1643; x_wconf 84' lang='lat' dir='ltr'><strong>aut</strong></span> <span class='ocrx_word' id='word_1_448' title='bbox 1943 1594 2132 1643; x_wconf 84' lang='lat' dir='ltr'><strong>arduus</strong></span> <span class='ocrx_word' id='word_1_449' title='bbox 2152 1593 2194 1642; x_wconf 94' lang='lat' dir='ltr'>C</span> <span class='ocrx_word' id='word_1_450' title='bbox 2215 1596 2246 1642; x_wconf 88' lang='grc'><strong>7</strong></span> <span class='ocrx_word' id='word_1_451' title='bbox 2281 1599 2337 1642; x_wconf 89' lang='lat' dir='ltr'><strong>et</strong></span> <span class='ocrx_word' id='word_1_452' title='bbox 2358 1592 2473 1642; x_wconf 60' lang='lat' dir='ltr'><strong>Cae·</strong></span> 
     </span>
     <span class='ocr_line' id='line_1_78' title="bbox 1403 1658 2475 1723; baseline -0.002 -14"><span class='ocrx_word' id='word_1_453' title='bbox 1403 1673 1487 1709; x_wconf 82' lang='lat' dir='ltr'><strong>sar</strong></span> <span class='ocrx_word' id='word_1_454' title='bbox 1523 1660 1584 1708; x_wconf 88' lang='lat' dir='ltr'><strong>B.</strong></span> <span class='ocrx_word' id='word_1_455' title='bbox 1609 1659 1761 1708; x_wconf 83' lang='lat' dir='ltr'><strong>civil.</strong></span> <span class='ocrx_word' id='word_1_456' title='bbox 1806 1658 1879 1709; x_wconf 88' lang='lat' dir='ltr'><strong>iii.</strong></span> <span class='ocrx_word' id='word_1_457' title='bbox 1912 1674 2027 1723; x_wconf 71' lang='lat' dir='ltr'><strong>qnae</strong></span> <span class='ocrx_word' id='word_1_458' title='bbox 2063 1659 2267 1708; x_wconf 81' lang='lat' dir='ltr'><strong>occulte</strong></span> <span class='ocrx_word' id='word_1_459' title='bbox 2302 1664 2475 1713; x_wconf 81' lang='lat' dir='ltr'><strong>tenta·</strong></span> 
     </span>
     <span class='ocr_line' id='line_1_79' title="bbox 1401 1722 2475 1787; baseline 0 -14"><span class='ocrx_word' id='word_1_460' title='bbox 1401 1730 1554 1773; x_wconf 82' lang='lat' dir='ltr'><strong>verat</strong></span> <span class='ocrx_word' id='word_1_461' title='bbox 1571 1739 1757 1787; x_wconf 87' lang='lat' dir='ltr'><strong>aspera</strong></span> <span class='ocrx_word' id='word_1_462' title='bbox 1775 1723 1912 1773; x_wconf 83' lang='lat' dir='ltr'><strong>foeda</strong></span> <span class='ocrx_word' id='word_1_463' title='bbox 1954 1738 2016 1773; x_wconf 90' lang='lat' dir='ltr'><strong>ue</strong></span> <span class='ocrx_word' id='word_1_464' title='bbox 2037 1730 2323 1773; x_wconf 83' lang='lat' dir='ltr'><strong>evenerant</strong></span> <span class='ocrx_word' id='word_1_465' title='bbox 2346 1722 2389 1771; x_wconf 90' lang='lat' dir='ltr'><strong>C</strong></span> <span class='ocrx_word' id='word_1_466' title='bbox 2409 1727 2475 1773; x_wconf 86' lang='grc'><strong>26</strong></span> 
     </span>
     <span class='ocr_line' id='line_1_80' title="bbox 1403 1788 2472 1853; baseline -0.003 -14"><span class='ocrx_word' id='word_1_467' title='bbox 1403 1803 1486 1839; x_wconf 86' lang='lat' dir='ltr'><strong>res</strong></span> <span class='ocrx_word' id='word_1_468' title='bbox 1530 1789 1653 1839; x_wconf 80' lang='lat'><strong>052</strong></span> <span class='ocrx_word' id='word_1_469' title='bbox 1722 1803 1874 1853; x_wconf 87' lang='lat' dir='ltr'><strong>rupes</strong></span> <span class='ocrx_word' id='word_1_470' title='bbox 1987 1794 2052 1837; x_wconf 84' lang='grc'><strong>59</strong></span> <span class='ocrx_word' id='word_1_471' title='bbox 2115 1788 2301 1851; x_wconf 85' lang='lat' dir='ltr'><strong>hyeme</strong></span> <span class='ocrx_word' id='word_1_472' title='bbox 2349 1788 2383 1839; x_wconf 93' lang='lat' dir='ltr'>J</span> <span class='ocrx_word' id='word_1_473' title='bbox 2409 1791 2472 1837; x_wconf 88' lang='grc'><strong>37</strong></span> 
     </span>
     <span class='ocr_line' id='line_1_81' title="bbox 1399 1852 2474 1919; baseline -0.002 -16"><span class='ocrx_word' id='word_1_474' title='bbox 1399 1855 1598 1919; x_wconf 84' lang='lat' dir='ltr'><strong>majora</strong></span> <span class='ocrx_word' id='word_1_475' title='bbox 1622 1861 1675 1903; x_wconf 88' lang='lat' dir='ltr'><strong>et</strong></span> <span class='ocrx_word' id='word_1_476' title='bbox 1699 1854 1859 1918; x_wconf 85' lang='lat' dir='ltr'><strong>magis</strong></span> <span class='ocrx_word' id='word_1_477' title='bbox 1898 1866 2084 1917; x_wconf 87' lang='lat' dir='ltr'><strong>aspera</strong></span> <span class='ocrx_word' id='word_1_478' title='bbox 2106 1852 2321 1918; x_wconf 80' lang='lat' dir='ltr'><strong>aggredi</strong></span> <span class='ocrx_word' id='word_1_479' title='bbox 2363 1854 2474 1916; x_wconf 87' lang='lat' dir='ltr'><strong>(ne-</strong></span> 
     </span>
     <span class='ocr_line' id='line_1_82' title="bbox 1402 1918 2476 1994; baseline -0.001 -25"><span class='ocrx_word' id='word_1_480' title='bbox 1402 1920 1571 1984; x_wconf 85' lang='lat' dir='ltr'><strong>gotia)</strong></span> <span class='ocrx_word' id='word_1_481' title='bbox 1614 1919 1648 1971; x_wconf 91' lang='lat' dir='ltr'>J</span> <span class='ocrx_word' id='word_1_482' title='bbox 1690 1923 1754 1968; x_wconf 82' lang='grc'><strong>89</strong></span> <span class='ocrx_word' id='word_1_483' title='bbox 1837 1932 2005 1985; x_wconf 87' lang='lat' dir='ltr'><strong>neque</strong></span> <span class='ocrx_word' id='word_1_484' title='bbox 2048 1918 2101 1966; x_wconf 89' lang='lat' dir='ltr'><strong>in</strong></span> <span class='ocrx_word' id='word_1_485' title='bbox 2158 1933 2221 1968; x_wconf 91' lang='lat' dir='ltr'><strong>eo</strong></span> <span class='ocrx_word' id='word_1_486' title='bbox 2265 1926 2476 1994; x_wconf 64' lang='lat' dir='ltr'><strong>tamque</strong></span> 
     </span>
     <span class='ocr_line' id='line_1_83' title="bbox 1401 1983 2475 2048; baseline -0.002 -15"><span class='ocrx_word' id='word_1_487' title='bbox 1401 1998 1587 2048; x_wconf 85' lang='lat' dir='ltr'><strong>aspero</strong></span> <span class='ocrx_word' id='word_1_488' title='bbox 1610 1983 1825 2048; x_wconf 87' lang='lat' dir='ltr'><strong>negotio</strong></span> <span class='ocrx_word' id='word_1_489' title='bbox 1863 1985 1896 2036; x_wconf 91' lang='lat' dir='ltr'>J</span> <span class='ocrx_word' id='word_1_490' title='bbox 1935 1988 2000 2034; x_wconf 82' lang='grc'><strong>08</strong></span> <span class='ocrx_word' id='word_1_491' title='bbox 2068 1997 2243 2033; x_wconf 84' lang='lat' dir='ltr'><strong>omnes</strong></span> <span class='ocrx_word' id='word_1_492' title='bbox 2266 1996 2475 2046; x_wconf 75' lang='lat' dir='ltr'><strong>provin-</strong></span> 
     </span>
     <span class='ocr_line' id='line_1_84' title="bbox 1403 2045 2478 2113; baseline 0 -15"><span class='ocrx_word' id='word_1_493' title='bbox 1403 2049 1523 2110; x_wconf 79' lang='lat' dir='ltr'><strong>ciae,</strong></span> <span class='ocrx_word' id='word_1_494' title='bbox 1556 2063 1736 2112; x_wconf 82' lang='lat' dir='ltr'><strong>regna,</strong></span> <span class='ocrx_word' id='word_1_495' title='bbox 1773 2051 1934 2098; x_wconf 83' lang='lat' dir='ltr'><strong>maria</strong></span> <span class='ocrx_word' id='word_1_496' title='bbox 1977 2062 2160 2113; x_wconf 86' lang='lat' dir='ltr'><strong>aspera</strong></span> <span class='ocrx_word' id='word_1_497' title='bbox 2214 2056 2306 2097; x_wconf 88' lang='lat' dir='ltr'><strong>aut</strong></span> <span class='ocrx_word' id='word_1_498' title='bbox 2344 2045 2478 2098; x_wconf 85' lang='lat' dir='ltr'><strong>fessa</strong></span> 
     </span>
     <span class='ocr_line' id='line_1_85' title="bbox 1404 2112 2477 2176; baseline 0.001 -12"><span class='ocrx_word' id='word_1_499' title='bbox 1404 2112 1557 2164; x_wconf 88' lang='lat' dir='ltr'><strong>bellis</strong></span> <span class='ocrx_word' id='word_1_500' title='bbox 1601 2120 1721 2163; x_wconf 90' lang='lat' dir='ltr'><strong>sunt</strong></span> <span class='ocrx_word' id='word_1_501' title='bbox 1761 2114 1939 2175; x_wconf 78' lang='grc' dir='ltr'><strong>Ρ325,</strong></span> <span class='ocrx_word' id='word_1_502' title='bbox 1979 2118 2010 2163; x_wconf 91' lang='grc'><strong>2</strong></span> <span class='ocrx_word' id='word_1_503' title='bbox 2077 2114 2296 2176; x_wconf 78' lang='lat' dir='ltr'><strong>gloriam</strong></span> <span class='ocrx_word' id='word_1_504' title='bbox 2339 2113 2477 2176; x_wconf 78' lang='lat' dir='ltr'><strong>petis</strong></span> 
     </span>
     <span class='ocr_line' id='line_1_86' title="bbox 1400 2176 2475 2293; baseline -0.001 -64"><span class='ocrx_word' id='word_1_505' title='bbox 1400 2192 1497 2293; x_wconf 71' lang='lat' dir='ltr'><strong>per</strong></span> <span class='ocrx_word' id='word_1_506' title='bbox 1526 2192 1712 2243; x_wconf 85' lang='lat' dir='ltr'><strong>aspera</strong></span> <span class='ocrx_word' id='word_1_507' title='bbox 1733 2193 1953 2244; x_wconf 71' lang='lat' dir='ltr'><strong>quaeque</strong></span> <span class='ocrx_word' id='word_1_508' title='bbox 1987 2178 2284 2228; x_wconf 83' lang='lat' dir='ltr'><strong>distractus.</strong></span> <span class='ocrx_word' id='word_1_509' title='bbox 2318 2176 2475 2228; x_wconf 87' lang='lat' dir='ltr'><strong>Boet.</strong></span> 
     </span>
     <span class='ocr_line' id='line_1_87' title="bbox 1424 2241 2478 2307; baseline 0 -14"><span class='ocrx_word' id='word_1_510' title='bbox 1424 2245 1477 2294; x_wconf 85' lang='lat' dir='ltr'><strong>ii.</strong></span> <span class='ocrx_word' id='word_1_511' title='bbox 1502 2243 1595 2293; x_wconf 88' lang='lat' dir='ltr'><strong>Pr.</strong></span> <span class='ocrx_word' id='word_1_512' title='bbox 1619 2249 1650 2293; x_wconf 84' lang='lat'>8</span> <span class='ocrx_word' id='word_1_513' title='bbox 1717 2241 2232 2306; x_wconf 86' lang='lat' dir='ltr'><strong>Lupus—dulcedine</strong></span> <span class='ocrx_word' id='word_1_514' title='bbox 2271 2243 2478 2307; x_wconf 84' lang='lat' dir='ltr'><strong>sangui·</strong></span> 
     </span>
     <span class='ocr_line' id='line_1_88' title="bbox 1401 2307 2480 2372; baseline 0 -14"><span class='ocrx_word' id='word_1_515' title='bbox 1401 2309 1480 2358; x_wconf 83' lang='lat' dir='ltr'><strong>nis</strong></span> <span class='ocrx_word' id='word_1_516' title='bbox 1503 2323 1675 2372; x_wconf 81' lang='lat' dir='ltr'><strong>asper.</strong></span> <span class='ocrx_word' id='word_1_517' title='bbox 1701 2308 1858 2358; x_wconf 81' lang='lat' dir='ltr'><strong>Ovid.</strong></span> <span class='ocrx_word' id='word_1_518' title='bbox 1885 2310 2102 2358; x_wconf 84' lang='lat' dir='ltr'><strong>Metam.</strong></span> <span class='ocrx_word' id='word_1_519' title='bbox 2126 2308 2179 2369; x_wconf 87' lang='lat' dir='ltr'><strong>ii,</strong></span> <span class='ocrx_word' id='word_1_520' title='bbox 2203 2312 2285 2357; x_wconf 88' lang='grc'><strong>81.</strong></span> <span class='ocrx_word' id='word_1_521' title='bbox 2308 2307 2480 2358; x_wconf 88' lang='lat' dir='ltr'><strong>omnia</strong></span> 
     </span>
     <span class='ocr_line' id='line_1_89' title="bbox 1440 2372 2475 2437; baseline -0.001 -14"><span class='ocrx_word' id='word_1_522' title='bbox 1440 2372 1634 2424; x_wconf 88' lang='lat' dir='ltr'><strong>ervade</strong></span> <span class='ocrx_word' id='word_1_523' title='bbox 1657 2374 1699 2423; x_wconf 87' lang='lat' dir='ltr'><strong>F</strong></span> <span class='ocrx_word' id='word_1_524' title='bbox 1724 2377 1838 2437; x_wconf 85' lang='grc'><strong>345,</strong></span> <span class='ocrx_word' id='word_1_525' title='bbox 1876 2378 1908 2423; x_wconf 83' lang='grc'><strong>6</strong></span> <span class='ocrx_word' id='word_1_526' title='bbox 1989 2374 2170 2422; x_wconf 77' lang='lat' dir='ltr'><strong>Virtus</strong></span> <span class='ocrx_word' id='word_1_527' title='bbox 2217 2387 2313 2437; x_wconf 89' lang='lat' dir='ltr'><strong>per</strong></span> <span class='ocrx_word' id='word_1_528' title='bbox 2353 2386 2409 2421; x_wconf 83' lang='lat' dir='ltr'><strong>se</strong></span> <span class='ocrx_word' id='word_1_529' title='bbox 2432 2373 2475 2422; x_wconf 90' lang='lat' dir='ltr'><strong>F</strong></span> 
     </span>
     <span class='ocr_line' id='line_1_90' title="bbox 1434 2436 2474 2503; baseline -0.002 -14"><span class='ocrx_word' id='word_1_530' title='bbox 1434 2443 1519 2500; x_wconf 81' lang='grc'><strong>53,</strong></span> <span class='ocrx_word' id='word_1_531' title='bbox 1541 2443 1602 2488; x_wconf 91' lang='grc'><strong>27</strong></span> <span class='ocrx_word' id='word_1_532' title='bbox 1673 2445 1830 2503; x_wconf 86' lang='lat' dir='ltr'><strong>atque</strong></span> <span class='ocrx_word' id='word_1_533' title='bbox 1866 2437 2049 2488; x_wconf 89' lang='lat' dir='ltr'><strong>dubias</strong></span> <span class='ocrx_word' id='word_1_534' title='bbox 2092 2453 2173 2488; x_wconf 88' lang='lat' dir='ltr'><strong>res</strong></span> <span class='ocrx_word' id='word_1_535' title='bbox 2197 2439 2239 2488; x_wconf 83' lang='lat' dir='ltr'>C</span> <span class='ocrx_word' id='word_1_536' title='bbox 2265 2441 2327 2487; x_wconf 65' lang='lat'><strong>10</strong></span> <span class='ocrx_word' id='word_1_537' title='bbox 2361 2444 2418 2487; x_wconf 90' lang='lat' dir='ltr'><strong>et</strong></span> <span class='ocrx_word' id='word_1_538' title='bbox 2439 2436 2474 2488; x_wconf 90' lang='lat' dir='ltr'>J</span> 
     </span>
     <span class='ocr_line' id='line_1_91' title="bbox 1396 2502 2481 2581; baseline -0.002 -27"><span class='ocrx_word' id='word_1_539' title='bbox 1396 2508 1434 2554; x_wconf 89' lang='grc'><strong>7</strong></span> <span class='ocrx_word' id='word_1_540' title='bbox 1504 2518 1688 2581; x_wconf 82' lang='lat' dir='ltr'><strong>aspere</strong></span> <span class='ocrx_word' id='word_1_541' title='bbox 1718 2502 1953 2553; x_wconf 85' lang='lat' dir='ltr'><strong>exercita</strong></span> <span class='ocrx_word' id='word_1_542' title='bbox 1977 2504 2195 2568; x_wconf 82' lang='lat' dir='ltr'><strong>qnaestio</strong></span> <span class='ocrx_word' id='word_1_543' title='bbox 2216 2503 2250 2555; x_wconf 94' lang='lat' dir='ltr'>J</span> <span class='ocrx_word' id='word_1_544' title='bbox 2274 2505 2339 2552; x_wconf 87' lang='grc'><strong>40</strong></span> <span class='ocrx_word' id='word_1_545' title='bbox 2397 2512 2481 2563; x_wconf 13' lang='grc' dir='ltr'><strong>,εε-</strong></span> 
     </span>
     <span class='ocr_line' id='line_1_92' title="bbox 1441 2567 2479 2619; baseline 0 -2"><span class='ocrx_word' id='word_1_546' title='bbox 1441 2582 1529 2617; x_wconf 91' lang='lat' dir='ltr'><strong>ere</strong></span> <span class='ocrx_word' id='word_1_547' title='bbox 1557 2584 1609 2618; x_wconf 87' lang='lat' dir='ltr'><strong>m</strong></span> <span class='ocrx_word' id='word_1_548' title='bbox 1650 2568 1925 2619; x_wconf 84' lang='lat' dir='ltr'><strong>Metellum</strong></span> <span class='ocrx_word' id='word_1_549' title='bbox 1959 2568 2024 2617; x_wconf 89' lang='lat' dir='ltr'><strong>de</strong></span> <span class='ocrx_word' id='word_1_550' title='bbox 2065 2569 2203 2617; x_wconf 86' lang='lat' dir='ltr'><strong>bello</strong></span> <span class='ocrx_word' id='word_1_551' title='bbox 2244 2567 2479 2617; x_wconf 85' lang='lat' dir='ltr'><strong>scribant</strong></span> 
     </span>
     <span class='ocr_line' id='line_1_93' title="bbox 1461 2632 2478 2697; baseline -0.002 -14"><span class='ocrx_word' id='word_1_552' title='bbox 1461 2638 1524 2683; x_wconf 86' lang='grc'><strong>65</strong></span> <span class='ocrx_word' id='word_1_553' title='bbox 1593 2646 1712 2697; x_wconf 88' lang='lat' dir='ltr'><strong>spes</strong></span> <span class='ocrx_word' id='word_1_554' title='bbox 1747 2636 1912 2683; x_wconf 89' lang='lat' dir='ltr'><strong>multo</strong></span> <span class='ocrx_word' id='word_1_555' title='bbox 1949 2633 2181 2697; x_wconf 89' lang='lat' dir='ltr'><strong>asperior</strong></span> <span class='ocrx_word' id='word_1_556' title='bbox 2204 2632 2247 2681; x_wconf 87' lang='lat' dir='ltr'>C</span> <span class='ocrx_word' id='word_1_557' title='bbox 2269 2635 2335 2681; x_wconf 88' lang='grc'><strong>20</strong></span> <span class='ocrx_word' id='word_1_558' title='bbox 2401 2646 2478 2681; x_wconf 75' lang='lat' dir='ltr'><strong>as·</strong></span> 
     </span>
     <span class='ocr_line' id='line_1_94' title="bbox 1404 2695 2476 2749; baseline -0.001 -1"><span class='ocrx_word' id='word_1_559' title='bbox 1404 2710 1590 2748; x_wconf 86' lang='lat' dir='ltr'><strong>census</strong></span> <span class='ocrx_word' id='word_1_560' title='bbox 1635 2698 1668 2749; x_wconf 98' lang='lat' dir='ltr'>J</span> <span class='ocrx_word' id='word_1_561' title='bbox 1709 2702 1773 2746; x_wconf 83' lang='grc'><strong>94</strong></span> <span class='ocrx_word' id='word_1_562' title='bbox 1841 2698 2125 2747; x_wconf 88' lang='lat' dir='ltr'><strong>communis</strong></span> <span class='ocrx_word' id='word_1_563' title='bbox 2184 2695 2394 2747; x_wconf 78' lang='lat' dir='ltr'><strong>fortuna</strong></span> <span class='ocrx_word' id='word_1_564' title='bbox 2432 2696 2476 2747; x_wconf 86' lang='lat' dir='ltr'><strong>F</strong></span> 
     </span>
     <span class='ocr_line' id='line_1_95' title="bbox 1400 2760 2480 2826; baseline -0.002 -13"><span class='ocrx_word' id='word_1_565' title='bbox 1400 2767 1521 2824; x_wconf 84' lang='grc'><strong>324,</strong></span> <span class='ocrx_word' id='word_1_566' title='bbox 1546 2767 1608 2813; x_wconf 90' lang='grc'><strong>10</strong></span> <span class='ocrx_word' id='word_1_567' title='bbox 1675 2762 1821 2811; x_wconf 86' lang='lat' dir='ltr'><strong>bellis</strong></span> <span class='ocrx_word' id='word_1_568' title='bbox 1845 2763 1886 2811; x_wconf 90' lang='lat' dir='ltr'><strong>F</strong></span> <span class='ocrx_word' id='word_1_569' title='bbox 1906 2767 2021 2826; x_wconf 82' lang='grc'><strong>325,</strong></span> <span class='ocrx_word' id='word_1_570' title='bbox 2043 2767 2074 2810; x_wconf 88' lang='grc'><strong>2</strong></span> <span class='ocrx_word' id='word_1_571' title='bbox 2142 2760 2395 2825; x_wconf 80' lang='lat' dir='ltr'><strong>asperitas</strong></span> <span class='ocrx_word' id='word_1_572' title='bbox 2422 2767 2480 2811; x_wconf 89' lang='lat' dir='ltr'><strong>et</strong></span> 
     </span>
     <span class='ocr_line' id='line_1_96' title="bbox 1400 2827 2478 2879; baseline -0.003 -2"><span class='ocrx_word' id='word_1_573' title='bbox 1400 2827 1685 2877; x_wconf 77' lang='lat' dir='ltr'><strong>insolentia</strong></span> <span class='ocrx_word' id='word_1_574' title='bbox 1722 2828 1823 2877; x_wconf 87' lang='lat' dir='ltr'><strong>loci</strong></span> <span class='ocrx_word' id='word_1_575' title='bbox 1845 2828 1881 2879; x_wconf 93' lang='lat' dir='ltr'>J</span> <span class='ocrx_word' id='word_1_576' title='bbox 1904 2833 1967 2877; x_wconf 89' lang='grc'><strong>50</strong></span> <span class='ocrx_word' id='word_1_577' title='bbox 2036 2829 2085 2876; x_wconf 85' lang='lat' dir='ltr'><strong>in</strong></span> <span class='ocrx_word' id='word_1_578' title='bbox 2130 2842 2195 2876; x_wconf 88' lang='lat' dir='ltr'><strong>ea</strong></span> <span class='ocrx_word' id='word_1_579' title='bbox 2219 2833 2363 2876; x_wconf 86' lang='lat' dir='ltr'><strong>tanta</strong></span> <span class='ocrx_word' id='word_1_580' title='bbox 2397 2836 2478 2874; x_wconf 80' lang='lat' dir='ltr'><strong>as·</strong></span> 
     </span>
     <span class='ocr_line' id='line_1_97' title="bbox 1401 2889 2476 2957; baseline -0.002 -14"><span class='ocrx_word' id='word_1_581' title='bbox 1401 2893 1633 2957; x_wconf 89' lang='lat' dir='ltr'><strong>peritate</strong></span> <span class='ocrx_word' id='word_1_582' title='bbox 1655 2892 1689 2942; x_wconf 93' lang='lat' dir='ltr'><strong>J</strong></span> <span class='ocrx_word' id='word_1_583' title='bbox 1715 2896 1780 2941; x_wconf 87' lang='grc'><strong>67</strong></span> <span class='ocrx_word' id='word_1_584' title='bbox 1846 2892 2071 2942; x_wconf 90' lang='lat' dir='ltr'><strong>locorum</strong></span> <span class='ocrx_word' id='word_1_585' title='bbox 2107 2892 2332 2942; x_wconf 86' lang='lat' dir='ltr'><strong>munitos</strong></span> <span class='ocrx_word' id='word_1_586' title='bbox 2354 2889 2388 2941; x_wconf 98' lang='lat' dir='ltr'><strong>J</strong></span> <span class='ocrx_word' id='word_1_587' title='bbox 2413 2895 2476 2941; x_wconf 85' lang='grc'><strong>75</strong></span> 
     </span>
     <span class='ocr_line' id='line_1_98' title="bbox 1403 2955 2479 3021; baseline -0.003 -14"><span class='ocrx_word' id='word_1_588' title='bbox 1403 2973 1514 3007; x_wconf 80' lang='lat' dir='ltr'><strong>rem</strong></span> <span class='ocrx_word' id='word_1_589' title='bbox 1538 2971 1642 3005; x_wconf 86' lang='lat' dir='ltr'><strong>non</strong></span> <span class='ocrx_word' id='word_1_590' title='bbox 1667 2957 1848 3005; x_wconf 79' lang='lat' dir='ltr'><strong>eadem</strong></span> <span class='ocrx_word' id='word_1_591' title='bbox 1882 2957 2162 3021; x_wconf 83' lang='lat' dir='ltr'><strong>asperitate</strong></span> <span class='ocrx_word' id='word_1_592' title='bbox 2182 2957 2215 3007; x_wconf 89' lang='lat' dir='ltr'><strong>J</strong></span> <span class='ocrx_word' id='word_1_593' title='bbox 2240 2961 2306 3005; x_wconf 83' lang='lat'><strong>92</strong></span> <span class='ocrx_word' id='word_1_594' title='bbox 2374 2955 2479 3005; x_wconf 77' lang='lat' dir='ltr'><strong>bel·</strong></span> 
     </span>
     <span class='ocr_line' id='line_1_99' title="bbox 1401 3021 2478 3088; baseline -0.001 -17"><span class='ocrx_word' id='word_1_595' title='bbox 1401 3023 1543 3088; x_wconf 87' lang='lat' dir='ltr'><strong>lique</strong></span> <span class='ocrx_word' id='word_1_596' title='bbox 1603 3021 1703 3070; x_wconf 87' lang='lat' dir='ltr'><strong>nod</strong></span> <span class='ocrx_word' id='word_1_597' title='bbox 1725 3022 2122 3072; x_wconf 82' lang='lat' dir='ltr'><strong>administrabat</strong></span> <span class='ocrx_word' id='word_1_598' title='bbox 2137 3021 2478 3085; x_wconf 83' lang='lat' dir='ltr'><strong>asperitatem</strong></span> 
     </span>
     <span class='ocr_line' id='line_1_100' title="bbox 1404 3085 2481 3139; baseline -0.004 -2"><span class='ocrx_word' id='word_1_599' title='bbox 1404 3094 1553 3137; x_wconf 87' lang='lat' dir='ltr'><strong>osten</strong></span> <span class='ocrx_word' id='word_1_600' title='bbox 1594 3101 1683 3137; x_wconf 88' lang='lat' dir='ltr'><strong>ere</strong></span> <span class='ocrx_word' id='word_1_601' title='bbox 1741 3088 1774 3139; x_wconf 98' lang='lat' dir='ltr'><strong>J</strong></span> <span class='ocrx_word' id='word_1_602' title='bbox 1832 3090 1897 3137; x_wconf 87' lang='grc'><strong>29</strong></span> <span class='ocrx_word' id='word_1_603' title='bbox 1987 3088 2238 3137; x_wconf 78' lang='lat' dir='ltr'><strong>Nationes</strong></span> <span class='ocrx_word' id='word_1_604' title='bbox 2282 3085 2351 3135; x_wconf 90' lang='lat' dir='ltr'><strong>ob</strong></span> <span class='ocrx_word' id='word_1_605' title='bbox 2396 3098 2481 3134; x_wconf 87' lang='lat' dir='ltr'><strong>ca·</strong></span> 
     </span>
     <span class='ocr_line' id='line_1_101' title="bbox 1400 3149 2480 3213; baseline -0.003 -12"><span class='ocrx_word' id='word_1_606' title='bbox 1400 3154 1564 3202; x_wconf 86' lang='lat' dir='ltr'><strong>iorem</strong></span> <span class='ocrx_word' id='word_1_607' title='bbox 1616 3166 1698 3201; x_wconf 79' lang='lat' dir='ltr'><strong>aut</strong></span> <span class='ocrx_word' id='word_1_608' title='bbox 1753 3153 2094 3213; x_wconf 77' lang='lat' dir='ltr'><strong>asperitatem</strong></span> <span class='ocrx_word' id='word_1_609' title='bbox 2152 3152 2319 3201; x_wconf 82' lang='lat' dir='ltr'><strong>minus</strong></span> <span class='ocrx_word' id='word_1_610' title='bbox 2375 3149 2480 3199; x_wconf 87' lang='lat' dir='ltr'><strong>fre-</strong></span> 
     </span>
     <span class='ocr_line' id='line_1_102' title="bbox 1401 3214 2475 3283; baseline -0.002 -16"><span class='ocrx_word' id='word_1_611' title='bbox 1401 3223 1667 3283; x_wconf 80' lang='lat' dir='ltr'><strong>quentatae</strong></span> <span class='ocrx_word' id='word_1_612' title='bbox 1713 3215 1746 3267; x_wconf 92' lang='lat' dir='ltr'><strong>J</strong></span> <span class='ocrx_word' id='word_1_613' title='bbox 1794 3221 1853 3266; x_wconf 93' lang='grc'><strong>17</strong></span> <span class='ocrx_word' id='word_1_614' title='bbox 1913 3218 2293 3282; x_wconf 82' lang='lat' dir='ltr'><strong>·supervadere</strong></span> <span class='ocrx_word' id='word_1_615' title='bbox 2334 3214 2368 3266; x_wconf 98' lang='lat' dir='ltr'><strong>J</strong></span> <span class='ocrx_word' id='word_1_616' title='bbox 2413 3219 2475 3265; x_wconf 82' lang='grc'><strong>75</strong></span> 
     </span>
     <span class='ocr_line' id='line_1_103' title="bbox 1402 3282 2483 3346; baseline -0.002 -14"><span class='ocrx_word' id='word_1_617' title='bbox 1402 3285 1563 3332; x_wconf 86' lang='lat' dir='ltr'><strong>otium</strong></span> <span class='ocrx_word' id='word_1_618' title='bbox 1618 3289 1892 3346; x_wconf 81' lang='lat' dir='ltr'><strong>postquam</strong></span> <span class='ocrx_word' id='word_1_619' title='bbox 1937 3282 2117 3346; x_wconf 85' lang='lat' dir='ltr'><strong>adepti</strong></span> <span class='ocrx_word' id='word_1_620' title='bbox 2167 3288 2289 3331; x_wconf 79' lang='lat' dir='ltr'><strong>sunt</strong></span> <span class='ocrx_word' id='word_1_621' title='bbox 2332 3294 2483 3346; x_wconf 87' lang='lat' dir='ltr'><strong>aspe-</strong></span> 
     </span>
     <span class='ocr_line' id='line_1_104' title="bbox 1400 3346 2474 3423; baseline -0.001 -27"><span class='ocrx_word' id='word_1_622' title='bbox 1400 3348 1507 3397; x_wconf 82' lang='lat' dir='ltr'><strong>rius</strong></span> <span class='ocrx_word' id='word_1_623' title='bbox 1562 3346 1904 3411; x_wconf 84' lang='lat' dir='ltr'><strong>acerbiusque</strong></span> <span class='ocrx_word' id='word_1_624' title='bbox 1949 3346 2048 3397; x_wconf 79' lang='lat' dir='ltr'><strong>fuit</strong></span> <span class='ocrx_word' id='word_1_625' title='bbox 2091 3346 2125 3398; x_wconf 97' lang='lat' dir='ltr'><strong>J</strong></span> <span class='ocrx_word' id='word_1_626' title='bbox 2166 3350 2225 3397; x_wconf 76' lang='lat'><strong>41</strong></span> <span class='ocrx_word' id='word_1_627' title='bbox 2316 3360 2474 3423; x_wconf 76' lang='lat' dir='ltr'><strong>agere</strong></span> 
     </span>
     <span class='ocr_line' id='line_1_105' title="bbox 1400 3410 2479 3474; baseline -0.003 -11"><span class='ocrx_word' id='word_1_628' title='bbox 1400 3414 1537 3463; x_wconf 85' lang='lat' dir='ltr'><strong>inter</strong></span> <span class='ocrx_word' id='word_1_629' title='bbox 1577 3421 1912 3461; x_wconf 85' lang='lat' dir='ltr'><strong>occursantes</strong></span> <span class='ocrx_word' id='word_1_630' title='bbox 1958 3412 2201 3462; x_wconf 81' lang='lat' dir='ltr'><strong>factiosos</strong></span> <span class='ocrx_word' id='word_1_631' title='bbox 2235 3410 2479 3474; x_wconf 89' lang='lat' dir='ltr'><strong>opimone</strong></span> 
     </span>
     <span class='ocr_line' id='line_1_106' title="bbox 1401 3477 2482 3541; baseline -0.004 -13"><span class='ocrx_word' id='word_1_632' title='bbox 1401 3477 1634 3540; x_wconf 81' lang='lat' dir='ltr'><strong>asperius</strong></span> <span class='ocrx_word' id='word_1_633' title='bbox 1667 3483 1750 3526; x_wconf 88' lang='lat' dir='ltr'><strong>est</strong></span> <span class='ocrx_word' id='word_1_634' title='bbox 1781 3478 1812 3529; x_wconf 93' lang='lat' dir='ltr'><strong>J</strong></span> <span class='ocrx_word' id='word_1_635' title='bbox 1839 3482 1900 3527; x_wconf 82' lang='lat'><strong>85</strong></span> <span class='ocrx_word' id='word_1_636' title='bbox 1972 3478 2107 3541; x_wconf 85' lang='lat' dir='ltr'><strong>qnod</strong></span> <span class='ocrx_word' id='word_1_637' title='bbox 2132 3478 2294 3526; x_wconf 86' lang='lat' dir='ltr'><strong>multo</strong></span> <span class='ocrx_word' id='word_1_638' title='bbox 2319 3477 2482 3541; x_wconf 77' lang='lat' dir='ltr'><strong>magis</strong></span> 
     </span>
     <span class='ocr_line' id='line_1_107' title="bbox 1400 3541 2479 3607; baseline -0.002 -15"><span class='ocrx_word' id='word_1_639' title='bbox 1400 3542 1745 3607; x_wconf 67' lang='lat' dir='ltr'><strong>asperiusque</strong></span> <span class='ocrx_word' id='word_1_640' title='bbox 1769 3551 1848 3592; x_wconf 88' lang='lat' dir='ltr'><strong>est</strong></span> <span class='ocrx_word' id='word_1_641' title='bbox 1887 3543 2067 3603; x_wconf 65' lang='lat' dir='ltr'><strong>Faao,</strong></span> <span class='ocrx_word' id='word_1_642' title='bbox 2111 3547 2171 3590; x_wconf 88' lang='grc'><strong>18</strong></span> <span class='ocrx_word' id='word_1_643' title='bbox 2241 3549 2388 3591; x_wconf 89' lang='lat' dir='ltr'><strong>tanto</strong></span> <span class='ocrx_word' id='word_1_644' title='bbox 2427 3541 2479 3590; x_wconf 88' lang='lat' dir='ltr'><strong>in</strong></span> 
     </span>
     <span class='ocr_line' id='line_1_108' title="bbox 1399 3604 2483 3674; baseline -0.004 -17"><span class='ocrx_word' id='word_1_645' title='bbox 1399 3607 1634 3657; x_wconf 81' lang='lat' dir='ltr'><strong>adversis</strong></span> <span class='ocrx_word' id='word_1_646' title='bbox 1653 3608 1889 3669; x_wconf 80' lang='lat' dir='ltr'><strong>asperius</strong></span> <span class='ocrx_word' id='word_1_647' title='bbox 1911 3610 2174 3674; x_wconf 77' lang='lat' dir='ltr'><strong>magisque</strong></span> <span class='ocrx_word' id='word_1_648' title='bbox 2198 3607 2352 3654; x_wconf 85' lang='lat' dir='ltr'><strong>anxie</strong></span> <span class='ocrx_word' id='word_1_649' title='bbox 2374 3604 2483 3669; x_wconf 86' lang='lat' dir='ltr'><strong>agi·</strong></span> 
     </span>
     <span class='ocr_line' id='line_1_109' title="bbox 1401 3673 2481 3734; baseline -0.003 -12"><span class='ocrx_word' id='word_1_650' title='bbox 1401 3679 1484 3722; x_wconf 89' lang='lat' dir='ltr'><strong>tat</strong></span> <span class='ocrx_word' id='word_1_651' title='bbox 1505 3673 1677 3730; x_wconf 77' lang='grc' dir='ltr'><strong>Ρ350,</strong></span> <span class='ocrx_word' id='word_1_652' title='bbox 1702 3676 1767 3722; x_wconf 86' lang='grc'><strong>26</strong></span> <span class='ocrx_word' id='word_1_653' title='bbox 1833 3673 2175 3722; x_wconf 73' lang='lat' dir='ltr'><strong>montesC5⁷</strong></span> <span class='ocrx_word' id='word_1_654' title='bbox 2242 3682 2481 3734; x_wconf 82' lang='lat' dir='ltr'><strong>asperum</strong></span> 
     </span>
     <span class='ocr_line' id='line_1_110' title="bbox 1398 3736 2478 3801; baseline -0.002 -15"><span class='ocrx_word' id='word_1_655' title='bbox 1398 3745 1456 3787; x_wconf 86' lang='lat' dir='ltr'><strong>et</strong></span> <span class='ocrx_word' id='word_1_656' title='bbox 1479 3736 1691 3786; x_wconf 83' lang='lat' dir='ltr'><strong>difficile</strong></span> <span class='ocrx_word' id='word_1_657' title='bbox 1715 3738 1757 3787; x_wconf 90' lang='lat' dir='ltr'>C</span> <span class='ocrx_word' id='word_1_658' title='bbox 1777 3741 1842 3786; x_wconf 78' lang='grc'><strong>40</strong></span> <span class='ocrx_word' id='word_1_659' title='bbox 1910 3738 2193 3801; x_wconf 81' lang='lat' dir='ltr'><strong>asperrime</strong></span> <span class='ocrx_word' id='word_1_660' title='bbox 2219 3743 2478 3785; x_wconf 87' lang='lat' dir='ltr'><strong>rectorem</strong></span> 
     </span>
     <span class='ocr_line' id='line_1_111' title="bbox 1401 3800 2365 3866; baseline -0.003 -15"><span class='ocrx_word' id='word_1_661' title='bbox 1401 3802 1602 3866; x_wconf 86' lang='lat' dir='ltr'><strong>patitur</strong></span> <span class='ocrx_word' id='word_1_662' title='bbox 1628 3803 1665 3849; x_wconf 83' lang='lat' dir='ltr'><strong>F</strong></span> <span class='ocrx_word' id='word_1_663' title='bbox 1689 3806 1803 3865; x_wconf 84' lang='grc'><strong>340,</strong></span> <span class='ocrx_word' id='word_1_664' title='bbox 1827 3806 1889 3851; x_wconf 90' lang='grc'><strong>12</strong></span> <span class='ocrx_word' id='word_1_665' title='bbox 1956 3804 1989 3851; x_wconf 91' lang='lat' dir='ltr'><strong>i.</strong></span> <span class='ocrx_word' id='word_1_666' title='bbox 2010 3818 2058 3853; x_wconf 89' lang='lat' dir='ltr'><strong>e.</strong></span> <span class='ocrx_word' id='word_1_667' title='bbox 2093 3800 2365 3863; x_wconf 69' lang='lat' dir='ltr'><strong>aegerrime</strong></span> 
     </span>
     <span class='ocr_line' id='line_1_112' title="bbox 1468 3864 2472 3917; baseline 0 -3"><span class='ocrx_word' id='word_1_668' title='bbox 1468 3866 1680 3917; x_wconf 76' lang='lat' dir='ltr'><strong>Assedlt</strong></span> <span class='ocrx_word' id='word_1_669' title='bbox 1723 3866 2069 3916; x_wconf 85' lang='lat' dir='ltr'><strong>Adherbalem</strong></span> <span class='ocrx_word' id='word_1_670' title='bbox 2109 3866 2329 3914; x_wconf 77' lang='lat' dir='ltr'><strong>dextera</strong></span> <span class='ocrx_word' id='word_1_671' title='bbox 2349 3864 2385 3915; x_wconf 93' lang='lat' dir='ltr'><strong>J</strong></span> <span class='ocrx_word' id='word_1_672' title='bbox 2410 3867 2472 3914; x_wconf 88' lang='lat'><strong>11</strong></span> 
     </span>
     <span class='ocr_line' id='line_1_113' title="bbox 1398 3927 2478 3997; baseline -0.004 -15"><span class='ocrx_word' id='word_1_673' title='bbox 1398 3933 1489 3982; x_wconf 82' lang='lat' dir='ltr'><strong>sed</strong></span> <span class='ocrx_word' id='word_1_674' title='bbox 1507 3933 1595 3981; x_wconf 86' lang='lat' dir='ltr'><strong>ubi</strong></span> <span class='ocrx_word' id='word_1_675' title='bbox 1616 3932 1702 3980; x_wconf 89' lang='lat' dir='ltr'><strong>ille</strong></span> <span class='ocrx_word' id='word_1_676' title='bbox 1722 3931 1935 3993; x_wconf 87' lang='lat' dir='ltr'><strong>assedit,</strong></span> <span class='ocrx_word' id='word_1_677' title='bbox 1963 3930 2174 3997; x_wconf 86' lang='lat' dir='ltr'><strong>(Cicero</strong></span> <span class='ocrx_word' id='word_1_678' title='bbox 2192 3930 2245 3979; x_wconf 87' lang='lat' dir='ltr'><strong>in</strong></span> <span class='ocrx_word' id='word_1_679' title='bbox 2267 3927 2478 3995; x_wconf 80' lang='lat' dir='ltr'><strong>senatu)</strong></span> 
     </span>
     <span class='ocr_line' id='line_1_114' title="bbox 1403 3995 1810 4048; baseline -0.005 0"><span class='ocrx_word' id='word_1_680' title='bbox 1403 3997 1447 4048; x_wconf 92' lang='lat' dir='ltr'>C</span> <span class='ocrx_word' id='word_1_681' title='bbox 1470 4001 1530 4047; x_wconf 74' lang='lat'><strong>31</strong></span> <span class='ocrx_word' id='word_1_682' title='bbox 1602 4007 1656 4045; x_wconf 82' lang='lat' dir='ltr'><strong>et</strong></span> <span class='ocrx_word' id='word_1_683' title='bbox 1682 3995 1725 4046; x_wconf 91' lang='lat' dir='ltr'>C</span> <span class='ocrx_word' id='word_1_684' title='bbox 1747 4002 1810 4046; x_wconf 88' lang='grc'><strong>53</strong></span> 
     </span>
     <span class='ocr_line' id='line_1_115' title="bbox 1465 4056 2480 4112; baseline -0.005 0"><span class='ocrx_word' id='word_1_685' title='bbox 1465 4061 1829 4112; x_wconf 84' lang='lat' dir='ltr'><strong>Assentando:</strong></span> <span class='ocrx_word' id='word_1_686' title='bbox 1871 4076 1973 4111; x_wconf 89' lang='lat' dir='ltr'><strong>non</strong></span> <span class='ocrx_word' id='word_1_687' title='bbox 1999 4059 2338 4111; x_wconf 79' lang='lat' dir='ltr'><strong>asssentando</strong></span> <span class='ocrx_word' id='word_1_688' title='bbox 2371 4056 2480 4108; x_wconf 84' lang='lat' dir='ltr'><strong>ani·-</strong></span> 
     </span>
     <span class='ocr_line' id='line_1_116' title="bbox 1401 4128 2479 4192; baseline -0.004 -16"><span class='ocrx_word' id='word_1_689' title='bbox 1401 4141 1483 4176; x_wconf 88' lang='lat' dir='ltr'><strong>mo</strong></span> <span class='ocrx_word' id='word_1_690' title='bbox 1522 4128 1790 4187; x_wconf 82' lang='lat' dir='ltr'><strong>indulgens</strong></span> <span class='ocrx_word' id='word_1_691' title='bbox 1815 4141 1982 4192; x_wconf 88' lang='lat' dir='ltr'><strong>neque</strong></span> <span class='ocrx_word' id='word_1_692' title='bbox 2023 4134 2306 4189; x_wconf 69' lang='lat' dir='ltr'><strong>concupita</strong></span> <span class='ocrx_word' id='word_1_693' title='bbox 2345 4136 2479 4187; x_wconf 79' lang='lat' dir='ltr'><strong>prae·</strong></span> 
     </span>
     <span class='ocr_line' id='line_1_117' title="bbox 1400 4187 2470 4256; baseline -0.004 -14"><span class='ocrx_word' id='word_1_694' title='bbox 1400 4192 1577 4242; x_wconf 86' lang='lat' dir='ltr'><strong>bendo</strong></span> <span class='ocrx_word' id='word_1_695' title='bbox 1603 4206 1896 4255; x_wconf 79' lang='lat' dir='ltr'><strong>perversam</strong></span> <span class='ocrx_word' id='word_1_696' title='bbox 1930 4192 2146 4256; x_wconf 85' lang='lat' dir='ltr'><strong>gratiam</strong></span> <span class='ocrx_word' id='word_1_697' title='bbox 2171 4187 2470 4255; x_wconf 75' lang='lat' dir='ltr'><strong>gratificans</strong></span> 
     </span>
     <span class='ocr_line' id='line_1_118' title="bbox 1400 4259 1669 4319; baseline -0.015 -10"><span class='ocrx_word' id='word_1_698' title='bbox 1400 4259 1445 4309; x_wconf 90' lang='lat' dir='ltr'><strong>F</strong></span> <span class='ocrx_word' id='word_1_699' title='bbox 1467 4262 1583 4319; x_wconf 79' lang='grc'><strong>346,</strong></span> <span class='ocrx_word' id='word_1_700' title='bbox 1608 4260 1669 4306; x_wconf 82' lang='grc'><strong>12</strong></span> 
     </span>
     <span class='ocr_line' id='line_1_119' title="bbox 1464 4316 2473 4388; baseline -0.007 -14"><span class='ocrx_word' id='word_1_701' title='bbox 1464 4321 1702 4374; x_wconf 79' lang='lat' dir='ltr'><strong>Assideri</strong></span> <span class='ocrx_word' id='word_1_702' title='bbox 1746 4318 1982 4373; x_wconf 79' lang='lat' dir='ltr'><strong>Amisum</strong></span> <span class='ocrx_word' id='word_1_703' title='bbox 2033 4320 2146 4374; x_wconf 78' lang='lat' dir='ltr'><strong>sine</strong></span> <span class='ocrx_word' id='word_1_704' title='bbox 2198 4316 2392 4388; x_wconf 73' lang='lat' dir='ltr'><strong>praeliis</strong></span> <span class='ocrx_word' id='word_1_705' title='bbox 2427 4317 2473 4368; x_wconf 82' lang='lat' dir='ltr'><strong>F</strong></span> 
     </span>
    </p>
   </div>
  </div>
 </body>
</html>
