2984 4892
525 383 659 455 396

526 552 651 598 cent
670 539 920 610 Polybius
943 543 979 593 l.
999 556 1077 594 vi.
1128 542 1402 607 Dionysius
1438 539 1585 590 Hali-

527 635 677 673 caru.
728 621 861 671 libro
919 634 1070 683 nono,
1123 619 1300 668 Livius
1355 616 1586 667 Decadis

526 698 706 763 primae
749 695 899 745 libro·
923 695 1170 756 secundo,
1215 701 1270 743 et
1311 694 1495 743 Cicero
1534 692 1587 741 in

526 775 758 824 oratioue
779 784 872 838 pro
893 772 1151 822 Cluentio.
1182 768 1427 835 Signiferi
1449 770 1587 819 enim

526 849 955 912 centurionesque
999 863 1059 898 uc
1104 846 1380 911 duplicarii
1426 845 1587 910 virgis

523 926 670 986 caesi,
711 924 881 974 securi
921 922 1376 994 percutiebantur:
1411 929 1591 971 cetera

523 1000 822 1062 multitudo,
854 1010 994 1049 sorte
1014 998 1243 1049 decimus
1267 999 1503 1064 quisque,
1521 997 1587 1047 nd

520 1076 828 1142 supplicium
845 1076 1136 1140 legebatur.
1187 1074 1458 1125 Interdum
1483 1090 1588 1141 poe·

520 1169 591 1204 na
613 1154 776 1204 levior
798 1153 915 1216 fuit,
932 1154 1146 1217 utleges
1164 1153 1302 1217 apud
1323 1152 1588 1203 Valerium

521 1238 580 1284 et
601 1231 926 1280 Frontinum.
965 1231 1102 1279 Cast.

586 1306 649 1356 In
680 1319 798 1370 pace
825 1320 932 1354 cero
964 1304 1200 1371 beneficiis
1234 1306 1408 1368 magis,
1447 1320 1588 1368 quum

521 1381 673 1445 man]
708 1382 1082 1446 Manuscripta,
1104 1384 1224 1447 quod
1240 1381 1476 1449 benficiis
1489 1395 1589 1430 mu·

516 1457 629 1521 gis.-
662 1463 874 1508 rectene
911 1472 974 1507 uu
1016 1473 1181 1523 secus,
1222 1459 1437 1508 aliorum
1473 1467 1588 1508 esto

508 1535 787 1600 judicium.
855 1535 1094 1600 Opponit
1129 1543 1301 1585 autem
1340 1535 1478 1584 inter
1516 1546 1591 1596 se,

521 1614 574 1660 in
596 1611 732 1673 bello,
763 1619 818 1660 et
834 1612 887 1661 iu
901 1627 1035 1675 pace,
1058 1617 1117 1662 ut
1139 1626 1240 1661 non
1266 1610 1588 1661 incommode

522 1687 801 1753 utrobique
826 1687 947 1738 addi
983 1688 1244 1750 videatur,
1278 1688 1415 1752 quod.
1481 1685 1587 1735 Sed

523 1771 580 1814 et
601 1763 822 1814 Aldlnus
845 1765 1013 1815 codex
1036 1763 1163 1814 illud
1188 1764 1362 1815 babet.
1396 1762 1587 1811 Rivius.

533 1849 541 1856 ’
588 1841 652 1902 In
668 1855 786 1904 puts
804 1840 935 1905 uero]
990 1840 1098 1891 Pro
1131 1839 1209 1889 bis
1243 1837 1479 1889 omuibus
1513 1852 1590 1887 re·

522 1915 816 1981 ponendum
851 1916 1010 1966 credo
1052 1921 1256 1966 tautum
1289 1914 1588 1987 diction-n,

521 1999 588 2045 et.
656 1993 729 2043 Et
749 1994 868 2057 quod
886 1992 1139 2059 beneficiis.
1174 1992 1414 2042 Ciaccou.

524 2091 531 2099 ·
588 2072 797 2135 Accepta
816 2069 1016 2133 iniuria,
1047 2070 1304 2134 ignoscere,
1324 2084 1465 2133 quam
1478 2083 1588 2134 per-

521 2147 655 2211 sequi
694 2145 951 2208 mukbmt]
1026 2145 1114 2197 Sic
1153 2145 1321 2195 infru
1370 2147 1386 2175 ⁴
1412 2145 1586 2209 Magis

523 2221 665 2288 quod
685 2237 743 2272 se
765 2222 977 2288 dignum
1002 2221 1160 2287 foret,
1198 2235 1348 2289 quum
1372 2223 1510 2289 quod
1533 2222 1587 2272 iu

521 2299 637 2351 iilos
650 2300 773 2366 jure
793 2299 908 2350 fieri
929 2300 1111 2364 possit,
1127 2298 1467 2364 quaerebaut.'
1501 2298 1589 2349 Sic

522 2375 596 2428 D.
619 2376 940 2441 Augustinus
971 2376 1137 2442 Epist.
1162 2390 1214 2427 V.
1236 2368 1302 2425 ad
1328 2375 1588 2427 Marcelli·

525 2468 645 2503 num
674 2452 742 2502 <le
777 2451 906 2502 urbe
942 2453 1109 2502 Romu
1141 2453 1385 2518 loquens-z
1417 2451 1435 2482 ‘
1454 2452 1588 2518 Dig-

525 2542 649 2579 num
681 2534 822 2578 esset
860 2542 1139 2593 exsurgere
1172 2528 1438 2579 civitatem
1470 2543 1587 2594 quae

526 2610 607 2655 tot
646 2604 885 2669 gentibus
926 2604 1278 2669 imperitaret:
1327 2605 1467 2671 quod
1506 2619 1588 2656 sc·

524 2688 684 2747 cepta
712 2681 903 2746 injuria
925 2681 1191 2746 ignoscere
1223 2697 1376 2749 quam
1414 2697 1590 2748 perse·

524 2759 614 2824 qui
633 2751 930 2809 malebant!
994 2759 1180 2810 Cicero
1194 2761 1348 2810 Tuse.
1376 2773 1429 2812 v.
1451 2760 1468 2789 ‘
1486 2759 1591 2812 Ac-

524 2815 703 2900 cipere
717 2848 872 2900 quam
885 2832 1063 2885 facere
1081 2842 1299 2899 praestat
1315 2835 1589 2901 injurium!

522 2912 693 2964 Quam
745 2911 1056 2961 sententiam
1098 2912 1306 2963 videtur
1347 2915 1588 2965 sumsisse

524 3001 593 3038 ex
636 2986 859 3038 Plutone
898 2987 952 3036 iu
996 2987 1227 3054 Gorgia3
1290 2989 1436 3054 enjus
1476 2991 1589 3041 haec

520 3070 676 3114 sunt}
710 3064 782 3113 Οὐ
813 3063 936 3126 νόμῳ
971 3062 1113 3125 μόνον
1143 3065 1276 3115 ἐστὶν
1304 3064 1504 3130 αἰσχρὸν
1531 3066 1590 3115 τὸ

521 3140 698 3190 &meir
725 3142 813 3191 τοῦ
844 3140 1118 3206 Mem,
1153 3141 1284 3192 ἀλλὰ
1318 3142 1396 3192 καὶ
1432 3141 1588 3206 φύσει.

523 3216 795 3268 Manutius.

572 3293 708 3344 Cu.
724 3298 804 3344 10.
824 3295 985 3358 Reges
998 3296 1161 3360 magni
1181 3296 1300 3346 bello
1312 3298 1504 3363 domiti]
1516 3299 1590 3350 Ut

524 3368 752 3436 Syphax,
781 3370 1073 3436 Philippus,
1113 3371 1420 3439 Antiochus,
1459 3375 1588 3425 Per·

523 3460 629 3510 sus,
647 3446 1001 3497 Mithridates.
1036 3449 1168 3498 Cast.

588 3523 822 3574 Nationes
847 3523 1000 3586 ssroe]
1034 3525 1108 3576 Ut
1143 3526 1387 3588 Thraces,
1428 3527 1589 3592 Galli,

525 3600 764 3665 Hispani.
829 3602 990 3653 Natio
1013 3610 1093 3654 est
1123 3619 1282 3669 genus
1304 3605 1587 3669 bominum,

524 3677 613 3742 qui
630 3690 732 3727 uon
753 3677 958 3727 aliunde
980 3689 1254 3746 venerunt,
1278 3681 1372 3732 sed
1396 3680 1472 3732 ibi
1495 3694 1587 3732 ua·

524 3751 726 3804 tisuut.
758 3754 961 3804 Festus.
996 3756 1145 3807 Idem.

523 3855 533 3862 -
591 3830 1034 3893 cml-mmm
1050 3833 1240 3897 imperii
1262 3835 1423 3900 Rom]
1442 3836 1460 3865 ‘
1478 3835 1588 3885 Per

524 3920 686 3958 anuos
707 3910 822 3956 116.
847 3914 936 3956 aut
960 3906 1147 3958 beilum
1169 3909 1307 3959 iuter
1328 3909 1586 3960 Romanos

524 3990 585 4035 et
613 3983 1079 4047 Carthaginienses,
1107 3993 1196 4036 aut
1221 3985 1344 4036 belli
1380 4001 1586 4054 praepa-

522 4057 675 4121 ratio,
709 4067 801 4109 sut
832 4056 993 4109 infida
1014 4074 1114 4124 pax
1138 4058 1278 4123 fuit‚'
1319 4069 1380 4112 ut
1418 4063 1588 4129 iuquit

523 4134 853 4186 Paterenius.
919 4136 1059 4185 Plin.
1083 4150 1207 4186 vero
1240 4139 1365 4188 Nst.
1404 4140 1586 4190 histor.

526 4222 624 4261 xv.
645 4214 729 4261 18.
745 4211 921 4272 tradit,
952 4226 1046 4276 por
1067 4227 1228 4264 anuos
1248 4218 1363 4264 18⁰.
1395 4215 1463 4264 de
1487 4222 1593 4266 ter·

524 4297 701 4343 nrum
754 4286 881 4344 orbe
927 4288 1162 4340 aenitilam
1221 4289 1589 4357 Carthaginem

1218 395 1435 448 NOTAE
1486 392 1885 447 vAmoRtJu
1935 391 2012 447 m

1659 537 1836 589 titisse.
1900 536 2194 589 Secundum
2220 533 2442 601 Livium,
2467 548 2502 588 n
2523 537 2572 590 1.
2597 547 2732 589 auno

1663 621 1710 666 1.
1747 615 1867 665 belli
1898 614 2104 677 Punici,
2143 614 2210 664 ud
2243 613 2446 666 initium
2479 619 2531 665 8.
2569 613 2736 682 (quod

1659 693 1797 742 iutra
1818 693 2052 758 quintum
2074 706 2280 754 aunum,
2315 707 2471 757 quum
2495 701 2731 757 τωρωι-

1661 775 1794 831 erat,
1813 765 2103 832 perfectum
2123 766 2229 831 est)
2249 765 2461 819 fuerunt
2474 768 2599 817 unni
2616 783 2737 818 cen·

1662 849 1791 894 tum.
1856 843 2014 893 Libro
2038 843 2172 892 enim
2213 847 2296 892 49.
2335 843 2542 893 initium
2584 844 2731 894 tertii

1662 920 1783 970 belli
1806 918 2012 983 Punici,
2050 918 2214 968 altero
2252 926 2309 968 et
2346 922 2463 969 600.
2502 933 2642 970 auno
2666 920 2733 970 ab

1662 995 1729 1046 U.
1756 996 1816 1048 C.
1856 993 2027 1045 fuisse·
2040 995 2241 1057 scribit,
2277 1002 2332 1045 et
2372 994 2510 1045 iufra
2544 996 2623 1046 sie
2659 997 2737 1047 in·

1662 1073 1774 1138 quit
1797 1088 1812 1120 :
1842 1073 1860 1101 ‘
1884 1071 1997 1122 Diti
2038 1072 2175 1137 patri
2214 1071 2324 1122 ludi
2348 1072 2415 1123 ad
2437 1073 2734 1125 Tarentum

1661 1163 1728 1199 ex
1766 1155 2037 1214 proecepto
2073 1149 2328 1202 librorum
2361 1150 2736 1214 Sibyllinorum

1659 1225 1805 1292 sacti,
1829 1227 1919 1292 qui
1943 1241 2077 1277 anuo
2112 1231 2159 1276 1.
2185 1228 2338 1291 primi
2363 1227 2553 1278 Punici
2580 1228 2731 1293 beili,

1660 1303 2074 1368 quingentesimo
2098 1309 2154 1353 et
2176 1303 2343 1354 altero
2365 1317 2501 1355 anuo
2521 1304 2593 1355 ab
2631 1305 2738 1355 Ur·

1661 1380 1727 1429 be
1750 1379 1963 1430 conditu
1983 1378 2110 1429 facti
2134 1379 2316 1430 erant!
2396 1381 2508 1432 Nos
2534 1387 2739 1446 autem,

1659 1457 1702 1509 si
1726 1472 2000 1523 sequamur
2021 1458 2301 1507 Consulum
2324 1457 2529 1521 seriem,
2561 1458 2739 1510 adba-

1661 1533 1889 1585 rebimus
1911 1533 2099 1584 Pilnlo.
2143 1535 2310 1584 Porro
2331 1533 2596 1599 Carthago
2618 1534 2742 1584 Poe·

1662 1626 1843 1663 norum
1865 1613 2041 1677 lingua
2061 1610 2253 1662 dicitur
2278 1625 2413 1661 nova
2435 1611 2652 1675 civitas,
2679 1617 2737 1662 ut

1662 1703 1728 1738 ex
1775 1689 2087 1739 auctoritate
2123 1688 2259 1739 Livii
2301 1688 2463 1738 docet
2499 1688 2735 1738 Servius.

1660 1765 1862 1815 Solinus
1894 1780 1943 1815 c.
1967 1768 2050 1815 30.
2089 1764 2161 1814 ita
2201 1764 2414 1815 scribit:
2449 1767 2467 1794 ‘
2486 1764 2596 1815 Sed
2619 1780 2735 1831 quo

1662 1855 1818 1905 super
1840 1840 2157 1905 Carthagine
2179 1855 2394 1892 veraces
2411 1840 2531 1890 libri
2559 1840 2732 1905 prodi·

1662 1917 1869 1982 derunt,
1922 1918 2019 1967 boc
2064 1919 2180 1968 loco
2229 1918 2461 1969 reddam.
2530 1918 2733 1969 Urbem

1661 1994 1830 2055 istam,
1865 2002 1927 2046 ut
1965 1996 2098 2046 Cato
2122 1996 2174 2045 in
2199 1995 2435 2046 oratione
2455 1996 2735 2047 Senatoria

1661 2078 1916 2137 autumat,
1953 2087 2069 2122 cum
2093 2086 2185 2122 rex
2207 2071 2432 2123 Hiarbas
2467 2086 2644 2122 rerum
2676 2071 2728 2122 iu

1663 2146 1828 2213 Libya
1882 2147 2157 2213 potiretur,
2200 2148 2370 2198 Elissa
2415 2148 2611 2198 mulier
2651 2162 2739 2198 ex·

1665 2225 1849 2286 tinxit,
1872 2223 2023 2275 domo
2046 2224 2288 2287 Pboeuix,
2324 2231 2382 2273 et
2417 2224 2737 2276 carthadam

1664 2301 1817 2363 dixit,
1854 2301 1992 2367 quod
2030 2301 2338 2351 Phoenicum
2362 2315 2453 2352 ore
2493 2301 2739 2366 exprimit

1664 2375 1930 2427 civitatem
1948 2391 2150 2427 novam.
2217 2377 2347 2426 Mox
2363 2391 2608 2427 sermone
2625 2392 2735 2428 ver·

1664 2466 1721 2502 so
1743 2453 1795 2502 iu
1812 2453 2028 2505 verbum
2048 2453 2322 2517 Punicum,
2336 2459 2392 2505 et
2415 2454 2528 2504 liaec
2547 2454 2737 2517 Elissa,

1664 2536 1722 2579 et
1759 2529 1850 2579 illa
1872 2530 2135 2593 Carthago
2170 2528 2314 2580 dicta
2352 2530 2471 2580 est?
2541 2531 2738 2582 Hacte-

1662 2620 1757 2655 nus
1790 2607 1896 2657 ine.
1962 2605 2155 2657 Graece
2193 2605 2515 2670 Curcbedou,
2551 2622 2586 2657 a
2622 2621 2740 2658 cou-

1662 2682 1833 2734 ditore
1869 2682 2012 2734 dicta
2056 2690 2150 2735 est.
2231 2682 2367 2733 Vide
2404 2681 2636 2750 Appian.
2679 2684 2732 2735 in

1663 2759 1898 2825 Libycis,
1919 2759 2108 2810 Euseb.
2133 2760 2187 2809 in
2220 2759 2509 2824 Cbrouieis,
2544 2767 2602 2811 et
2625 2761 2733 2811 Ste-

1661 2835 1889 2900 phanum
1912 2834 1978 2885 de
2002 2834 2234 2885 urbibus.
2273 2835 2405 2887 Cast.
2491 2834 2735 2887 Hebraeis

1663 2929 1869 2984 quoque
1890 2915 2039 2995 ΠἾΡ
2072 2918 2273 2982 civitas,
2311 2918 2530 2985 aliisque
2554 2919 2736 2970 Orien·

1664 2993 1856 3043 talibus
1876 2994 2085 3044 Cartha.
2151 2993 2304 3044 Unde
2325 3002 2381 3044 et
2398 2994 2731 3058 Tigranocer-

1663 3070 1772 3134 tba,
1795 3071 1939 3136 quasi
1960 3070 2194 3135 Tigranis
2211 3070 2415 3123 civitas.

1669 3169 1678 3178 -
1733 3146 1999 3211 Carthago]
2032 3147 2221 3198 Strabo
2251 3149 2287 3198 l.
2311 3161 2455 3199 xvu.
2477 3149 2500 3177 ‘
2521 3147 2734 3199 &riba-

1664 3224 1765 3289 go‚'
1786 3224 1969 3290 inquit,
1987 3225 2006 3254 ‘
2030 3224 2083 3275 in
2107 3224 2384 3289 peninsula
2410 3226 2638 3291 quadam
2653 3226 2732 3291 ja·

1663 3309 1770 3363 cet,
1807 3315 1923 3366 quoe
1963 3299 2211 3351 ambitum
2249 3301 2404 3352 babet
2444 3301 2730 3353 studiorum

1663 3385 2016 3429 trecentorum
2039 3384 2094 3428 et
2115 3378 2404 3443 sexaginta,
2422 3393 2573 3429 muro
2591 3378 2735 3430 ciuc-

1662 3462 1805 3508 tum:
1842 3455 1991 3520 cujus
2013 3456 2285 3520 sexaginta
2307 3456 2593 3524 stadiorum
2628 3457 2737 3505 ion·

1662 3531 1947 3596 gitudinem
1982 3533 2169 3602 jugum
2213 3539 2459 3597 occupat,
2519 3533 2658 3599 quod
2701 3548 2734 3582 a

1660 3609 1790 3658 mari
1811 3609 1863 3657 iu
1899 3621 2042 3659 mure
2074 3607 2366 3670 descendit,
2401 3608 2490 3658 ubi
2522 3607 2735 3659 Cartha-

1662 3684 1966 3749 giniensium
1988 3684 2292 3749 elephantes
2329 3682 2542 3734 stabula
2577 3683 2736 3733 babe-

1663 3760 1808 3825 δεῦε,
1846 3763 1933 3827 qui
1959 3761 2105 3812 iocus
2138 3760 2477 3825 amplissimus
2499 3767 2598 3808 est.
2665 3757 2732 3808 In

1661 3836 1834 3886 media
1857 3834 1972 3886 fere
1995 3836 2122 3886 urbe
2145 3852 2237 3886 urx
2261 3835 2381 3895 fuit,
2423 3849 2578 3900 quam
2603 3836 2734 3899 Byr·

1661 3925 1769 3961 sam
1814 3918 2166 3962 vocaveruutz
2223 3911 2558 3976 supercilium
2597 3909 2734 3960 sutis

1662 3993 1896 4037 ereetum
1919 3994 2019 4050 est,
2058 3988 2393 4038 circumcirca
2417 3987 2728 4039 bubititun.

1660 4064 1723 4115 In
1765 4064 1879 4128 ejus
1918 4066 2115 4114 vertice
2157 4064 2435 4129 AEsculapii
2468 4064 2728 4129 templu-

1659 4148 1795 4206 erat,
1813 4141 1952 4209 quod
1971 4142 2274 4193 Asdrubalis
2296 4157 2449 4206 uxor,
2479 4149 2734 4207 capt-ur·

1660 4218 1744 4282 be,
1766 4233 1940 4268 seeum
1964 4218 2350 4269 concremavit!
2383 4218 2561 4268 zan-cla.

1726 4295 1919 4347 Emt-
1937 4295 2151 4363 inperii]
2167 4294 2257 4351 sie
2273 4294 2734 4363 maestusq-
