2984 4892
897 389 1203 438 nmmum
1248 387 1633 438 JUGURTH.
1681 391 1845 440 cu.
1888 376 1997 444 18.

342 537 581 582 montosa
600 532 671 583 sit
692 532 856 597 regio,
889 532 973 582 vel
1016 532 1192 583 videre
1226 543 1411 596 equum

342 623 518 661 rarum
538 618 676 672 erat,
707 618 763 662 et
800 612 940 675 Cyro
970 613 1052 666 sic
1088 611 1414 675 providente,

330 679 406 738 'nt
426 695 602 739 narrat
624 689 759 739 idem
780 690 814 740 Ι.
838 703 916 738 ιν.
951 689 1131 739 Per-m
1164 704 1231 739 ex
1268 690 1413 752 pedi·

342 765 483 816 tibus
504 767 708 832 equites
726 765 877 829 facti,
898 769 1045 833 equis
1067 767 1317 830 deinceps
1340 768 1413 817 ita

341 851 699 906 assueverant,
738 851 797 894 ut
835 858 988 893 nemo
1024 844 1302 894 Persarum
1333 844 1412 893 vir

340 919 509 973 bonus
549 921 814 971 videretur
845 922 986 970 ultra
1018 921 1180 984 pedes
1221 919 1295 969 ire
1329 935 1411 968 us-

340 998 507 1063 piam:
544 999 713 1062 Cyrus
746 998 883 1048 enim
916 999 1084 1062 legem
1108 998 1318 1059 tulerat,
1354 1004 1411 1045 ut

340 1081 503 1140 turpe
544 1081 708 1136 esset,
762 1074 806 1124 si
851 1075 966 1140 quis
1016 1076 1239 1137 illorum,
1280 1090 1410 1138 quos

340 1153 489 1218 equis
509 1152 839 1211 instruxerat,
863 1153 1131 1203 videretur
1156 1153 1317 1217 pedes
1338 1154 1411 1201 in-

341 1229 553 1293 cedens,
574 1228 684 1279 sive
706 1230 943 1291 multum,
977 1231 1086 1279 sive
1119 1245 1305 1294 parum
1327 1231 1412 1280 iti·

336 1307 482 1357 neris
500 1314 640 1357 esset
661 1306 1060 1358 conficiendum.
1128 1307 1317 1371 ltaque
1343 1323 1408 1358 ex

339 1392 446 1433 tam
481 1384 755 1448 repentina
792 1385 1079 1435 mutatione
1102 1383 1318 1445 factum,
1352 1393 1412 1435 ut

336 1460 455 1510 haec
486 1461 654 1524 regio,
697 1461 877 1523 Peras,
917 1467 973 1511 et
1007 1462 1189 1511 incoloe
1230 1462 1410 1512 Persae

337 1537 657 1603 dicerentur,
693 1537 749 1586 id
798 1544 901 1601 est,
941 1539 1121 1602 lingua
1178 1538 1410 1589 Hebroea

337 1613 672 1680 Arabicaque
716 1617 935 1680 equites.
1023 1615 1198 1667 Antea
1236 1615 1409 1667 forsan

336 1691 562 1757 Elymaei
590 1693 736 1743 dieti.
805 1693 959 1744 Unde
980 1694 1035 1743 in
1056 1708 1121 1743 ea
1154 1695 1409 1745 sententia

335 1775 422 1822 est
438 1769 715 1834 Josephus,
727 1772 819 1836 qui
844 1771 1052 1834 Elymus
1069 1779 1125 1822 et
1149 1773 1409 1834 Elymaeos

336 1844 500 1896 fnisse
539 1846 665 1896 dicit
718 1847 999 1898 Persarum
1035 1846 1410 1912 Ἀρχηγένητιις,

336 1922 617 1974 Pei-sarum
640 1925 849 1986 generis
867 1933 1125 1976 auctores.
1177 1927 1407 1976 Boeben.

344 2023 353 2028 ·
402 2000 618 2062 Armeni,
643 2000 827 2066 Persoe]
861 2003 967 2053 Per
994 2003 1307 2069 Armeniam,
1327 2019 1407 2054 rea

330 2076 429 2142 ⁴gio
461 2077 628 2127 Minui
664 2078 882 2141 intelligi
905 2079 1135 2143 videtur,
1156 2081 1307 2144 cnjus
1328 2095 1407 2129 sa·

335 2168 434 2203 cra
468 2154 729 2217 scriptura
768 2156 1028 2206 meminit:
1065 2171 1212 2221 qnos,
1251 2156 1406 2206 sicuti

334 2238 397 2281 et
434 2232 641 2294 Persas,
676 2232 762 2298 qui
799 2233 1023 2283 Teixera
1069 2239 1204 2284 teste
1248 2233 1405 2283 iidem

334 2319 489 2360 erant
510 2323 627 2360 cum
650 2310 876 2374 Parthis,
910 2311 1071 2359 multa
1095 2324 1214 2360 cnm
1238 2310 1403 2372 Pliry-

333 2388 491 2448 gibus
530 2388 820 2438 communia
856 2386 1094 2436 habuisse
1126 2386 1404 2436 verisimile

333 2471 438 2515 est.
505 2463 775 2514 Armenios
809 2463 929 2514 ideo
955 2464 1185 2529 Phryges
1210 2477 1404 2527 genere

330 2556 450 2593 esse
497 2548 720 2592 testatur
760 2541 1069 2605 Stephanus.
1158 2538 1310 2590 Unde
1348 2545 1413 2588 et

332 2618 617 2670 Herculem
642 2619 788 2668 Chon
813 2621 923 2668 sive
948 2616 1081 2676 Cin,
1104 2617 1156 2665 id
1193 2623 1293 2678 est,
1313 2617 1396 2666 do·

330 2696 527 2747 minum
573 2698 889 2760 appellatum
926 2693 1085 2744 fuisse
1140 2695 1401 2744 existimo.

212 2800 229 2815 ·
330 2774 572 2840 Phryges
607 2782 781 2823 autem
817 2787 935 2822 eum
964 2772 1235 2830 ,veteribus
1272 2771 1404 2820 Ger-

330 2853 501 2903 manis
542 2853 711 2902 multa
746 2850 974 2900 habuere
1006 2848 1315 2907 communia,
1339 2847 1405 2894 si-

332 2928 442 2980 cuti
487 2930 693 2988 Persa-3
746 2927 869 2992 quia
908 2932 1083 2976 autem
1123 2940 1246 2977 arca
1288 2923 1403 2973 Noe

329 3004 484 3057 fatali
523 3006 612 3055 illo
655 3005 848 3055 diluvio
882 3002 1143 3053 Gordia’is
1180 3002 1401 3065 primum

330 3082 571 3133 donsedit
589 3082 880 3131 montibus:
900 3079 1023 3129 inde
1040 3078 1295 3144 Phryges,
1315 3079 1402 3143 qui

332 3159 503 3210 eidem
551 3173 754 3224 quoqne
801 3173 917 3208 cnm
963 3158 1240 3217 Armeniis,
1280 3165 1401 3221 post

328 3236 580 3286 diluvium
606 3250 708 3284 non
741 3239 874 3285 male
911 3235 1246 3299 antiquissimi
1271 3249 1400 3283 mor-

330 3313 512 3364 talium
536 3321 833 3362 censentur.
900 3314 1120 3376 Ἠιςεὶιω.

397 3391 494 3441 Sed
541 3392 705 3439 Persoe
746 3391 877 3440 intra
933 3393 1170 3439 Oceanum
1223 3389 1400 3453 magis]

331 3468 471 3532 Hoc,
494 3470 628 3518 intra
664 3469 919 3527 Oceanum,
960 3470 1152 3518 Badius
1177 3477 1231 3517 et
1256 3479 1398 3518 recte

330 3552 389 3596 et
408 3546 615 3596 erudite
651 3547 869 3610 exponit
902 3548 1137 3595 inti-ornas
1163 3548 1227 3594 nd
1252 3547 1400 3595 Oeen-

328 3639 461 3686 ιιιιιιι,
499 3624 611 3673 sive
654 3625 924 3673 Sallustius
962 3624 1246 3685 Oceanum,
1286 3630 1403 3685 post

332 3701 577 3753 Atlantes
614 3701 679 3750 ad
714 3715 974 3762 occasum,
1004 3701 1112 3748 sive
1138 3709 1258 3763 post
1281 3701 1399 3748 Gae-

330 3781 467 3829 tulos
513 3781 577 3829 acl
617 3778 886 3828 meridiem
919 3778 1236 3828 crediderit:
1284 3791 1396 3826 nam

332 3865 611 3922 sequentes
656 3856 756 3906 loci
801 3856 1092 3918 complures
1131 3855 1203 3904 ita
1242 3869 1399 3918 expo·

329 3933 505 3990 nendi,
559 3944 613 3982 et
674 3931 1020 3992 intelligendi.
1120 3931 1397 3981 Persarum

329 4013 463 4061 enim
481 4020 537 4062 et
557 4011 881 4062 Gaetulorum
900 4008 1261 4057 commercium
1281 4022 1397 4057 cum

332 4090 602 4154 Hispanis,
625 4097 734 4138 tum
766 4089 1023 4148 Oceanus,
1056 4095 1164 4136 tum
1208 4087 1399 4150 Libyes

331 4168 509 4227 medii,
528 4167 618 4231 qui
644 4166 708 4215 ad
733 4163 925 4213 fretum
952 4164 1265 4213 Herculcum
1290 4165 1399 4225 agi-

332 4244 529 4309 tabant,
578 4244 943 4306 prohibebant.
1028 4243 1213 4307 ltaque
1264 4243 1400 4306 illos,

330 4319 429 4372 hoc
449 4329 531 4371 est
554 4320 766 4383 Persas,
802 4333 931 4369 nm
954 4331 1213 4384 mag-nm,
1243 4317 1298 4367 id
1314 4323 1401 4368 est

2428 380 2561 449 548

1491 533 1755 598 Oceanus,
1799 546 1856 587 et
1899 539 2076 602 ignara
2114 541 2284 604 linig-ua
2320 543 2559 604 prohibe·

1489 612 1636 673 bant,
1669 630 1769 678 qno
1793 616 1958 665 minus
1994 632 2109 667 cum
2147 618 2396 681 Hispanis
2420 635 2558 670 coui-

1488 690 1685 740 mercia
1728 691 1995 741 haberent.
2090 692 2157 742 At
2206 694 2417 757 Libyes,
2461 697 2558 745 etsi

1488 767 1662 831 lingua
1701 769 1915 831 diversi,
1959 770 2347 834 propinquitate
2385 780 2558 822 tamen

1487 845 1720 894 locorum
1739 844 1894 894 facile
1915 860 2032 895 cum
2053 846 2297 910 Hispanis
2320 863 2403 896 res
2422 862 2562 898 com·

1487 927 1690 970 mutare
1733 929 1995 987 poterant.
2064 924 2136 972 Et
2159 924 2295 986 vide,
2328 939 2449 974 uum
2480 927 2560 988 ig·

1483 1009 1606 1048 nara
1641 999 1808 1062 liugn
1841 1001 2039 1049 dictum
2072 1002 2143 1051 sit
2176 1016 2272 1065 pro
2299 1002 2558 1063 ignomin,-

1487 1080 1546 1124 ut
1568 1074 1722 1138 iufra,
1739 1076 1804 1125 ad
1821 1076 1978 1126 finem
2004 1092 2191 1141 pugnoe
2213 1079 2419 1127 Metelli
2437 1092 2557 1128 cnm

1483 1153 1766 1216 Jugurtha,
1785 1154 1852 1203 de
1871 1155 2110 1204 Numidis
2126 1154 2370 1219 loquens:
2408 1156 2424 1183 ‘
2445 1157 2559 1206 Ple·

1487 1229 1713 1293 rosque,'
1750 1229 1939 1294 inquit,
1983 1231 1999 1259 6
2024 1232 2273 1280 velocitas
2312 1238 2368 1280 et
2413 1231 2556 1296 regio

1483 1307 1716 1357 hostibus
1756 1307 1934 1370 ignara
1977 1314 2148 1357 tutata
2187 1308 2341 1358 sunt!
2414 1309 2554 1371 Igno·

1482 1390 1617 1434 ratus
1640 1392 1813 1434 tamen
1838 1384 1976 1448 apud
2015 1384 2238 1435 eundem
2277 1385 2411 1434 hunc
2434 1399 2556 1434 auc·

1485 1469 1653 1512 torem
1687 1468 1788 1524 est,
1825 1462 1912 1512 ubi
1945 1462 2013 1511 de
2050 1461 2309 1525 Jugurtha
2331 1462 2469 1510 victo
2492 1475 2555 1512 ac

1482 1550 1707 1605 vagante
1725 1542 1827 1592 ait:
1865 1544 1880 1570 ‘
1901 1541 2026 1604 Ipse
2039 1556 2155 1591 cum
2177 1540 2401 1607 delectis
2414 1540 2558 1606 equi·

1484 1617 1626 1668 tibus
1667 1618 1941 1668 Metellum
1985 1617 2238 1682 sequitur,
2288 1615 2554 1668 nocturnis

1484 1694 1612 1744 aviis
1653 1694 1927 1745 itineribus
1976 1694 2242 1759 ignoratus
2295 1695 2552 1744 Romanos

1485 1770 1740 1834 palanteis
1763 1777 1982 1835 repente
2004 1770 2343 1835 aggreditur!
2413 1771 2551 1820 Nam

1484 1847 1623 1910 quod
1674 1846 1873 1896 Badius
1918 1848 2154 1911 exponit,
2211 1849 2226 1874 6
2251 1848 2322 1895 Et
2377 1846 2554 1910 lingua

1482 1923 1759 1973 Persarum
1781 1923 1959 1986 ignara
1983 1923 2407 1986 linguoe,scilicet
2431 1922 2554 1972 His-

1483 1999 1768 2065 panorum,’
1817 2014 1915 2049 non
1955 1998 2209 2049 satisfacit
2253 1999 2395 2062 mihi,
2431 2013 2552 2050 cum

1482 2076 1686 2127 auctori
1731 2076 1890 2126 verba
1929 2076 2110 2136 addat,
2150 2091 2267 2141 quoe
2310 2076 2363 2125 in
2396 2076 2552 2126 nullis

1483 2153 1815 2203 inveniuntur
1837 2153 2119 2202 codicibus.
2190 2153 2332 2202 Glar-

1551 2229 1717 2292 quue
1757 2229 1961 2279 meria
2005 2234 2054 2278 iu
2091 2229 2248 2291 agris]
2299 2231 2438 2293 Lege
2485 2243 2551 2279 ex

1482 2305 1615 2355 libro
1634 2306 1929 2370 Bongarsii:
1953 2321 2096 2369 neque
2111 2305 2348 2372 materies,
2382 2307 2553 2369 Supra

1481 2385 1737 2434 Catilina:
1792 2386 1807 2412 ‘
1834 2386 1909 2434 Ea
1932 2385 2174 2434 materies
2198 2385 2424 2434 omnium
2446 2398 2551 2433 ma-

1481 2462 1645 2511 lorum
1669 2461 1851 2511 fuere.'
1921 2462 2195 2512 Pacuuius.

1548 2540 1777 2589 Miscendi
1792 2541 1926 2604 copia
1941 2540 2068 2608 erut]
2092 2541 2264 2590 Antea
2285 2536 2552 2600 mutuandi,

1482 2630 1579 2665 nos
1617 2617 1852 2680 mutandi,
1901 2618 2222 2680 reposuimus
2266 2631 2329 2665 ex
2378 2617 2549 2667 Fulvii

1481 2694 1643 2743 libro:
1680 2694 1755 2743 sic
1780 2693 1916 2742 enim
1955 2695 2160 2743 locutus
2187 2693 2322 2741 idem
2357 2694 2549 2742 Sallus—

1483 2770 1617 2818 tius:
1668 2770 1683 2798 ‘
1710 2771 1888 2833 anue
1930 2777 2131 2819 mutare
2163 2784 2281 2818 cum
2317 2769 2435 2818 vino
2459 2768 2549 2818 ud·

1486 2846 1719 2910 vectitio,
1740 2857 1795 2896 et
1820 2847 1932 2896 aliis
1954 2847 2145 2896 talibus
2161 2846 2196 2895 :’
2245 2852 2299 2900 et
2317 2847 2412 2895 hac
2436 2846 2549 2912 ipsa

1482 2923 1701 2987 pagina:
1749 2925 1765 2951 ‘
1793 2924 1947 2973 Freto
1984 2923 2132 2972 divisi
2169 2924 2234 2972 ab
2276 2923 2548 2986 Hispania,

1481 3008 1683 3050 mutare
1743 3016 1824 3050 res
1873 3002 2011 3051 inter
2065 3015 2121 3049 se
2176 3000 2551 3052 instituerant.'

1483 3079 1753 3128 Munatius.

1546 3156 1689 3204 Mare
1700 3170 1925 3218 magnum
1940 3154 2376 3217 etigunt-clinga]
2398 3155 2548 3204 Mare

1479 3245 1720 3295 magnum
1749 3232 1831 3281 liic
1872 3246 1974 3280 non
2009 3245 2103 3295 pro
2140 3233 2373 3288 Oceano,
2404 3237 2463 3280 nt
2493 3230 2547 3280 in

1478 3309 1598 3358 illo:
1632 3313 1649 3336 6
1675 3310 1812 3358 Eece
1844 3310 1999 3358 maris
2033 3310 2201 3370 magni
2225 3308 2418 3357 claudit
2451 3321 2545 3357 nos

1480 3387 1632 3436 obice
1689 3386 1922 3449 Pontus,'
1975 3389 2252 3449 accipitur,
2307 3386 2398 3434 sed
2452 3398 2545 3448 pro

1478 3479 1621 3512 saevo
1660 3471 1716 3511 et
1756 3465 2091 3526 importuoso,
2127 3471 2184 3513 ut
2224 3463 2439 3526 Crispus
2471 3463 2545 3511 lo·

1478 3540 1653 3604 quitur
1668 3541 1804 3603 ipse:
1842 3545 1856 3568 ‘
1881 3541 2016 3589 Nam
2037 3540 2280 3590 ubimare
2306 3552 2546 3602 inagnum

1478 3630 1607 3678 esse,
1629 3624 1686 3666 et
1709 3617 1894 3666 saivire
1912 3616 2080 3666 ventis
2103 3615 2299 3679 coepit.’
2358 3616 2550 3664 Lucre·

1480 3693 1580 3741 tius
1598 3694 1734 3742 libro
1756 3694 1984 3742 secundo
2008 3706 2179 3741 rerum
2203 3690 2544 3740 naturalium:

1478 3772 1493 3797 ‘
1519 3770 1688 3820 Suuve
1723 3771 1852 3819 mari
1894 3785 2078 3833 niagno
2121 3769 2450 3819 turbantibus
2480 3783 2547 3817 ω·

1479 3861 1643 3911 quota
1681 3846 1887 3897 ventis!
1951 3848 2195 3910 Virgilius
2236 3846 2433 3895 AEueid.
2456 3859 2545 3896 ιιι.

1477 3926 1493 3952 6
1520 3924 1782 3973 Continuo
1806 3925 1945 3974 venti
1975 3928 2182 3976 volvunt
2221 3938 2381 3984 marc,
2403 3937 2544 3987 mag·

1478 4016 1648 4066 nuque
1666 4010 1885 4066 surgunt
1909 4001 2181 4065 AEquoraz'
2218 4000 2353 4061 apud
2388 4014 2544 4063 quem

1480 4080 1513 4127 l.
1539 4093 1578 4129 1.
1601 4079 1834 4143 ejusdem
1874 4079 2033 4126 divini
2069 4092 2241 4140 operis
2267 4094 2313 4124 m
2339 4078 2546 4142 quibus-

1478 4157 1597 4206 dam
1633 4156 1901 4205 codicibus
1937 4158 2121 4204 vitiose
2153 4154 2380 4214 cuditur,
2427 4156 2442 4181 6
2471 4153 2544 4205 Et

1478 4235 1706 4282 mulcere
1733 4232 1879 4281 dedit
1911 4230 2119 4293 fluetus,
2139 4240 2194 4280 et
2218 4232 2402 4280 tollere
2422 4244 2545 4279 ven·

1481 4319 1563 4361 tos
1579 4310 1613 4373 ;’
1669 4324 1787 4362 cum
1809 4309 2015 4362 omniuo
2030 4325 2097 4362 ex
2120 4309 2330 4374 reipsa,
2349 4314 2403 4359 et
2423 4308 2546 4362 ‹loe-
