2984 4892
979 425 1467 489 rescissum,
1518 425 1662 475 ms:
1708 424 1759 473 1.

254 573 429 636 Roma,
461 572 746 623 Ptolem
788 570 1094 637 lipsium-ros,
1136 585 1311 636 quam-

251 662 398 713 quam
429 648 615 699 Strabo
634 648 821 699 scribit
857 648 978 697 olim
1001 648 1194 698 dictam
1217 652 1310 695 Πο-

248 723 557 789 amc-pam,
593 725 792 776 Plinius
815 726 971 776 ctiam
993 726 1313 789 Stephanen‚

249 815 536 868 nomenque
558 803 749 854 babere
771 818 804 852 a
823 803 1044 868 quodam
1079 803 1313 852 Praenes·

251 885 306 929 ιε
338 879 440 944 (ita
463 881 598 929 enim
637 878 965 942 fabulantur)
1003 879 1206 943 Ulyssis
1228 893 1315 929 ne·

249 963 391 1020 pote,
424 963 480 1006 et
511 956 617 1006 filio
640 957 835 1020 Latini,
870 957 958 1023 qni
985 957 1179 1022 primns
1203 955 1313 1020 ejus

246 1032 404 1083 fuerit
427 1033 688 1097 conditor,
726 1035 864 1085 sicut
885 1034 1073 1084 asserit
1108 1033 1313 1084 Solinus

248 1123 312 1158 ex
357 1108 653 1161 Zenodoto.
742 1111 990 1162 Ceterum
1029 1110 1239 1161 Servius
1283 1125 1316 1159 a

248 1185 498 1249 silicibus,
528 1187 616 1252 qui
636 1186 787 1252 τρίτοι
811 1188 1073 1239 veteribus
1096 1188 1317 1252 Graecis,

250 1275 463 1328 quoram
505 1263 697 1326 ibidem
726 1266 951 1315 maxima
993 1266 1164 1329 copia,
1206 1265 1316 1315 dic·

253 1348 355 1390 tam
375 1338 632 1391 afirmat:
669 1341 1031 1392 Groecanieam
1049 1355 1167 1391 esse
1181 1341 1314 1391 banc

252 1417 430 1468 urbem
471 1419 686 1483 origine,
729 1420 867 1470 sicut
902 1427 958 1469 et
997 1420 1182 1483 Tybur
1225 1418 1317 1469 ali-

249 1502 442 1559 quanto
464 1495 683 1544 vicinins
706 1494 908 1559 Rome,
929 1494 1157 1546 affirmat
1178 1494 1315 1545 idem

252 1571 592 1637 Geograpbus
624 1573 660 1623 l.
690 1586 743 1623 v·
819 1574 1104 1637 Utramque
1141 1586 1316 1622 rursus

252 1647 432 1698 urbem
455 1647 556 1698 loci
573 1657 760 1698 natura
777 1649 1024 1698 munitam
1046 1648 1318 1713 predicat,

252 1724 346 1774 etsi
388 1726 662 1776 Praeneste
700 1727 1003 1790 excelleret,
1058 1727 1142 1777 cui
1181 1728 1316 1777 arcis

253 1800 363 1852 loeo
386 1815 535 1852 mons
556 1802 860 1855 imminebat
880 1805 1135 1869 excelsus,
1158 1804 1317 1855 idem-

252 1891 350 1941 que
367 1878 578 1928 avulsus
591 1889 811 1944 augusto
834 1881 1053 1945 quodam
1077 1882 1319 1945 transitu,

255 1955 309 2003 et
350 1955 498 2020 quasi
547 1956 685 2006 collo
729 1972 761 2006 a
804 1956 1018 2022 reliquis
1061 1957 1315 2008 montanis

252 2031 374 2082 loeis
396 2032 679 2096 contiguis.
745 2032 1049 2084 Accedebat
1080 2033 1147 2083 ad
1181 2035 1316 2084 banc

252 2108 592 2160 munitionem
648 2112 952 2172 naturalem,
999 2111 1139 2177 quod
1195 2110 1317 2161 urbs

253 2185 482 2252 undique
502 2187 724 2237 occultis
758 2188 1011 2238 cuniculis
1050 2186 1317 2250 perforata

251 2261 423 2327 fuerit,
444 2265 497 2315 in
533 2279 745 2329 qnorum
769 2278 870 2313 uno
894 2264 1094 2316 Marius
1128 2265 1162 2316 J
1170 2265 1317 2314 unior

245 2337 487 2390 obsessus
520 2340 692 2403 periit.
744 2339 1009 2402 fugeras.
1079 2339 1317 2389 Leander

255 2413 502 2468 Albertus
525 2415 652 2466 dicit
673 2414 831 2465 bodie
855 2415 1136 2466 Pilestrina
1156 2414 1319 2465 nomi·

254 2493 377 2544 nari.

314 2571 478 2621 Medio
496 2570 620 2634 dier]
652 2571 738 2621 Ita
758 2570 963 2620 locutus
984 2576 1067 2626 est
1086 2568 1318 2630 Tacitus,

256 2646 486 2699 Sallustii
515 2650 709 2710 locum,
740 2655 801 2699 ut
833 2647 1057 2709 videtur,
1090 2646 1320 2696 imitatus

256 2723 294 2773 l.
313 2737 472 2776 xvm.
505 2738 624 2773 cnm
647 2723 814 2784 dixin
848 2723 991 2774 ‘Sed
1019 2722 1193 2773 medio
1215 2722 1320 2772 diei

259 2799 591 2851 exarserant}
629 2794 793 2849 Ursus.

316 2876 523 2927 Mimas
539 2876 745 2941 peritas]
762 2877 933 2941 Supra
950 2874 1118 2925 dixit·
1104 2911 1119 2925 .
1141 2874 1322 2925 ‘·Doc

258 2957 338 3003 tus
375 2954 799 3005 militiam.'1u
841 2961 1063 3017 utroque
1105 2952 1321 3003 Graecos

259 3031 503 3097 imitatus,
529 3032 617 3097 qui
634 3032 833 3094 dicunt,
865 3029 993 3081 εἰδὼς
1011 3028 1191 3093 μάχης,
1211 3029 1321 3078 sive

257 3109 499 3172 πολέμοιο,
523 3118 582 3160 ιιι
599 3109 737 3173 apud
764 3108 1067 3171 Homerum,
1087 3106 1132 3156 ol
1151 3104 1325 3156 εἰδότες

257 3187 432 3252 μάχην.
467 3189 619 3239 Idan.

323 3265 589 3329 Ser-torius]
623 3266 810 3329 Neque
829 3263 994 3313 babeo
1012 3262 1164 3324 certi,
1183 3260 1322 3327 quod

259 3342 354 3394 boc
372 3343 436 3394 de
469 3342 590 3392 loco
611 3339 888 3400 definiam3
921 3339 1022 3390 etsi
1040 3339 1251 3410 Servius
1283 3339 1320 3388 1.
1395 3346 1472 3396 tin

261 3431 340 3470 u.
358 3418 563 3470 AEneld.
601 3418 728 3483 quid
758 3417 854 3466 sibi
879 3415 1103 3465 voluerit
1131 3416 1322 3464 Sallus·

263 3498 362 3549 tius
412 3499 539 3548 satis
594 3496 808 3546 indicat.
891 3496 906 3521 ‘
927 3494 1101 3556 Muri‚'
1137 3494 1322 3558 inquit,

264 3574 279 3602 ‘
295 3575 414 3625 olim
433 3575 528 3625 alti
549 3589 653 3623 non
675 3578 844 3635 erant,
872 3573 963 3622 sed
986 3571 1051 3620 ad
1071 3575 1320 3636 impetum

263 3656 456 3702 tautum
481 3649 853 3715 repellendum.
924 3649 997 3698 Ut
1018 3648 1180 3698 eliam
1211 3648 1323 3697 Sal-

264 3728 440 3779 lustius
457 3728 702 3789 ostendit,
726 3727 812 3776 ubi
832 3726 1120 3775 Sertorium
1150 3725 1326 3773 hume-

265 3804 334 3855 ris
353 3805 608 3855 sublatum
630 3818 803 3853 muros
824 3801 1112 3852 ascendisse
1137 3815 1325 3850 memo·

269 3890 348 3931 rat
366 3881 398 3930 ι’
433 3896 549 3946 quae
580 3889 843 3943 postrema
876 3879 966 3944 qui
999 3893 1094 3942 pro
1131 3878 1326 3928 Sallus·

271 3957 416 4010 uani·
453 3958 741 4020 accipiunt,
778 3954 977 4005 frustra
1017 3962 1173 4016 sunt;
1208 3969 1325 4004 cum

269 4033 365 4084 buc
387 4033 572 4084 referri
595 4033 841 4083 debeant.
879 4031 1067 4082 Canio.

334 4112 573 4162 &umus
619 4109 843 4172 Parthis]
915 4109 1134 4159 Videtur
1179 4107 1325 4169 illud,

273 4188 484 4253 Partus,
518 4201 632 4237 esse
654 4187 978 4248 mendosum,
1009 4193 1067 4235 et
1088 4184 1329 4247 fortasse,

268 4265 434 4331 mis,
468 4266 818 4329 scribendam,
848 4271 907 4315 ut
941 4265 1145 4327 integra
1174 4263 1327 4314 lectio

273 4342 366 4396 sit.
395 4343 633 4395 aalma
658 4342 818 4409 porus
850 4341 990 4393 οινῠι
1025 4341 1332 4405 aeronibus,

1382 572 1465 633 ξε.
1534 570 1695 620 Erant
1714 568 1876 635 igitur
1896 575 2062 634 portae
2085 568 2162 620 ita
2182 566 2336 619 turba
2361 580 2447 616 oc·

1386 657 1613 712 cupatae,
1654 654 1715 697 ιιι
1749 662 1845 698 nec
1889 647 2162 709 Tribunus,
2200 659 2298 695 nec
2334 644 2447 707 ipse

1385 727 1679 791 Imperator
1697 725 1982 791 pervadere
2007 730 2195 791 posset.
2249 723 2448 787 Imperii

1386 812 1561 860 autem
1586 805 1777 868 posuit,
1800 811 1858 853 ut
1878 804 2098 865 videtur,
2119 817 2212 866 pro
2236 801 2448 865 Impera-

1386 881 1523 930 toris.
1560 881 1735 931 Ursin.

1451 957 1706 1009 macie
1725 959 1825 1008 acie
1846 955 1987 1022 pars]
2041 956 2333 1006 Priscianus
2358 968 2450 1005 ex·

1388 1040 1556 1085 tremo
1589 1041 1721 1098 sept.
1762 1034 1854 1084 lib.
1893 1033 2059 1084 tradit
2093 1038 2297 1083 veteres
2329 1044 2449 1081 con-

1385 1111 1615 1162 suevisse
1651 1110 1949 1176 frequenter
1990 1111 2044 1159 iu
2082 1111 2294 1175 quincta
2330 1121 2451 1158 con·

1378 1190 1657 1255 jugatioue
1695 1196 1802 1240 tam
1840 1189 2122 1254 genitivum
2146 1202 2298 1254 quam
2320 1186 2451 1236 dati-

1388 1280 1509 1315 vum
1554 1265 1783 1316 ablativo
1823 1265 2015 1315 similes
2055 1262 2326 1329 proferre:
2394 1265 2451 1313 et

1388 1343 1503 1393 haec
1525 1356 1592 1391 ex
1625 1343 1792 1405 prima
1824 1342 2054 1393 Sallustii
2088 1341 2303 1391 historia
2330 1339 2453 1390 alle·

1389 1426 1514 1483 gatt
1541 1425 1694 1483 prout
1716 1420 1909 1484 vulgati
1931 1418 2127 1468 babeat
2142 1418 2280 1468 libri.
2314 1418 2451 1467 Nam

1391 1510 1422 1546 a
1443 1494 1805 1560 manuscriptis
1829 1495 1977 1546 abest
2011 1508 2285 1544 numerus:
2319 1501 2376 1543 et
2397 1493 2449 1543 in

1389 1570 1615 1621 historiis
1648 1572 1726 1621 ita
1761 1571 2029 1634 scripsisse
2063 1571 2358 1620 Sallustium
2399 1570 2453 1619 in

1390 1648 1671 1699 Catholicis
1694 1647 1859 1698 refert
1878 1649 2111 1699 Probus:
2145 1662 2243 1702 nec
2262 1648 2452 1697 librum

1389 1724 1624 1775 nominat
1643 1739 1659 1785 3
1691 1725 1769 1774 uti
1790 1738 1888 1774 nec
1908 1724 2118 1774 Servius
2141 1724 2176 1773 l.
2197 1737 2237 1774 ι.
2260 1725 2453 1787 Georg.

1389 1801 1538 1866 virg.
1594 1801 1756 1851 Probi
1776 1801 1890 1851 boec
1914 1808 2068 1851 sunt:
2092 1803 2107 1828 ‘
2135 1801 2197 1864 E,
2217 1799 2325 1850 sive
2341 1813 2455 1850 cor·

1390 1888 1561 1944 repta,
1599 1878 1708 1928 sive
1728 1877 2002 1942 producta,
2037 1876 2226 1927 nullius
2248 1875 2452 1940 generis

1389 1971 1542 2006 casus
1563 1955 1825 2021 genitivus
1849 1955 2115 2019 reperitur
2126 1954 2451 2014 terminatus,

1389 2032 1491 2082 nisi
1536 2030 1765 2097 antique.
1850 2029 2126 2093 Virgilius:
2171 2028 2330 2078 Libra
2364 2027 2453 2078 die

1386 2113 1657 2177 somnique
1711 2125 1864 2175 pares
1909 2109 2001 2160 ubi
2051 2107 2243 2159 fecerit
2283 2106 2453 2156 boras.

1389 2189 1687 2240 Sallustius:
1713 2187 1979 2238 dubitavit
1993 2186 2107 2237 acie
2128 2185 2277 2250 pars!
2311 2187 2453 2233 cm.

1459 2265 1785 2332 Idemfecere]
1832 2268 1964 2319 Qua!
2000 2271 2284 2330 sequnntur
2307 2261 2373 2312 ad
2399 2260 2457 2311 fi·

1388 2357 1510 2394 nem
1531 2358 1695 2409 usqne
1714 2342 1835 2394 libri
1857 2357 1897 2393 1.
1924 2341 2212 2392 addidimus
2242 2354 2309 2390 ex
2331 2353 2455 2404 qua·

1389 2419 1509 2469 dam
1546 2419 1710 2469 Servii
1732 2419 1983 2482 editione,
2017 2432 2171 2483 quam
2206 2417 2455 2468 debemus

1389 2496 1676 2561 diligentiae
1708 2502 1765 2546 et
1798 2496 2029 2546 solertiae
2066 2495 2148 2546 cl.
2170 2494 2269 2544 viri
2308 2493 2456 2543 Petri

1392 2577 1649 2628 Danielis.
1713 2579 1850 2628 Nam
1872 2578 1916 2626 si
1953 2577 2147 2642 absque
2178 2576 2269 2625 illo
2299 2581 2456 2637 esset,

1391 2655 1555 2703 multa
1577 2654 1807 2704 Sallustii
1843 2655 1959 2703 loca
1997 2668 2100 2702 non
2133 2652 2457 2712 haberemus,

1391 2730 1556 2780 multa
1576 2730 1833 2780 deteriora
1862 2736 2056 2792 essent,
2088 2743 2205 2795 quae
2228 2741 2367 2777 nunc
2389 2726 2457 2776 ad

1392 2810 1715 2859 Sallustianae
1733 2810 1876 2859 navis
1895 2809 2096 2858 tabulas
2118 2807 2456 2872 coaequandas

1392 2886 1558 2936 multa
1578 2886 1773 2948 optima
1796 2883 2062 2933 habemus.
2096 2884 2368 2934 Puram

1461 2964 1539 3011 Εα
1556 2961 1723 3026 paucis
1741 2959 1930 3024 quibas]
1978 2961 2191 3010 Servius
2228 2959 2293 3010 ad
2326 2958 2457 3009 illud

1395 3052 1500 3089 ιιι.
1534 3037 1806 3087 AEneidos:
1845 3037 1862 3065 ‘
1882 3049 1963 3085 me
1981 3035 2154 3085 verius
2176 3049 2331 3084 unum
2352 3036 2460 3092 Pro

1393 3115 1542 3166 vobis
1561 3116 1707 3165 luere
1732 3132 1745 3165 z
1782 3114 1889 3165 Alii
1910 3114 2075 3164 veteri
2097 3126 2241 3164 more
2264 3113 2460 3163 dictum

1393 3190 1672 3256 accipiunt.
1737 3192 1931 3240 Verum
1950 3191 2085 3240 enlm
2108 3189 2246 3255 qnod
2262 3189 2459 3240 bonum

1394 3278 1448 3320 et
1469 3276 1672 3320 rectum
1693 3275 1832 3319 esset
1846 3267 2197 3332 appellabant.
2260 3266 2461 3316 Teren·

1474 3362 1531 3396 s:
1566 3345 1698 3395 Idne
1734 3350 1818 3394 est
1856 3357 2031 3394 verum
2069 3342 2242 3406 modo,
2285 3342 2337 3391 id
2379 3347 2462 3392 est

1394 3436 1693 3489 pessumum
1715 3435 1892 3486 genus.
1957 3420 2125 3483 Idem,
2148 3419 2298 3471 Quod
2321 3420 2365 3468 si
2386 3434 2465 3468 as-

1395 3509 1455 3553 tu
1488 3516 1597 3552 rem
1621 3499 1886 3558 tractavit,
1916 3499 2008 3550 Dii
2041 3507 2270 3550 vostram
2288 3497 2463 3562 fidem,

1396 3588 1643 3646 quantam
1663 3587 1720 3628 et
1754 3591 1906 3641 quam
1928 3591 2103 3626 veram
2143 3575 2348 3625 laudem
2381 3589 2463 3624 ca-

1397 3657 1508 3721 piat
1542 3657 1818 3706 Parmeno.
1885 3654 2152 3704 Sallustius
2174 3651 2227 3701 in
2264 3652 2460 3716 primo:

1397 3736 1476 3783 Ea
1515 3734 1691 3798 paucis
1727 3730 1912 3795 quibus
1952 3731 2156 3794 peritis,
2195 3734 2250 3778 el
2284 3742 2464 3778 verum

1395 3809 1656 3875 ingenium
1699 3815 1783 3858 est
1833 3805 2197 3856 abnuentibus.
2297 3805 2464 3868 Idem,

1398 3886 1681 3951 Perpenna
1715 3891 1819 3935 tam
1854 3884 2030 3948 paucis
2054 3881 2318 3945 profectus
2342 3893 2465 3931 vera

1398 3970 1480 4012 est
1524 3959 1869 4012 aestimanda?
1962 3960 2159 4008 Locum
2208 3957 2466 4021 integrum

1399 4040 1637 4104 ascripsi,
1675 4047 1734 4089 ut
1764 4038 1977 4087 eliciant
2015 4034 2210 4099 aliquid
2252 4031 2466 4084 meliora

1399 4117 1622 4182 ingenia.
1690 4116 1801 4178 Ego
1823 4112 2159 4177 muginabar:
2193 4116 2209 4140 ⁶
2234 4111 2468 4175 Perpena

1399 4209 1467 4244 ua
1488 4202 1594 4244 tam
1619 4191 1795 4256 paucis
1831 4189 2098 4253 profectus
2123 4202 2249 4238 vera
2270 4195 2350 4238 est
2373 4203 2467 4237 aes·

1399 4269 1629 4321 timanda
1648 4268 1682 4317 :'
1735 4281 1889 4317 sensu
1936 4279 2041 4315 non
2081 4265 2254 4328 pleno,
2308 4277 2470 4330 quem

1400 4346 1632 4413 pendere
1653 4359 1684 4396 a
1702 4341 2041 4411 sequentibus
2062 4355 2199 4393 reor.
2232 4341 2383 4395 lde-⁸.
2456 4359 2463 4367 ·
