2984 4892
498 360 719 426 xxviii

496 524 674 569 ,cneus
697 517 763 568 ad
794 518 1056 582 inceptum
1081 517 1251 567 scelus
1269 516 1508 581 rapiebat
1526 517 1562 568 J

502 587 567 633 25
651 598 791 645 aeger
832 583 1052 633 avaritia
1094 580 1246 633 facilc
1285 596 1566 632 conversus

502 654 589 699 est
610 649 643 700 J
667 653 733 698 29
797 649 865 698 ab
888 648 1094 712 ignavia
1122 656 1397 711 corruptus
1428 648 1462 698 J
1503 651 1566 696 31

504 712 698 775 subigit
733 714 809 763 ire
832 714 1032 763 obviam
1067 715 1100 765 J
1141 717 1202 763 31
1269 712 1404 763 haud
1442 713 1569 762 satis

504 778 804 829 moderatus
826 777 927 828 fuit
941 780 1185 842 cupidine
1204 777 1436 828 victoriae
1452 777 1485 829 J
1503 782 1569 827 42

504 858 611 908 quo
632 844 883 909 cujusque
913 845 1112 894 animus
1135 843 1238 892 fert
1258 844 1289 894 J
1314 847 1380 892 54
1450 842 1571 892 belli

500 908 690 971 ingens
714 910 850 958 domi
871 909 1101 962 modicus
1121 910 1154 960 J
1175 914 1239 958 63
1287 907 1457 958 Tacit.
1481 907 1572 958 tib.

506 973 543 1037 i,
557 978 639 1023 69.
663 974 844 1038 ingens
857 974 1012 1024 animi
1024 973 1250 1036 foemina,
1268 981 1324 1023 et
1346 973 1487 1023 Hist.
1504 973 1574 1036 iv,

508 1042 591 1088 66.
660 1040 802 1090 circa
838 1040 1011 1102 finem,
1045 1040 1226 1105 ingens
1266 1054 1436 1088 rernm
1472 1039 1573 1102 (sic

510 1105 755 1155 emendat
778 1104 1009 1155 Rhenan.
1038 1120 1133 1169 pro
1156 1104 1205 1153 vi
1277 1102 1361 1167 ns)
1401 1104 1575 1153 iuerat

504 1176 804 1223 contemtor
819 1170 1014 1220 animus
1032 1171 1068 1222 J
1085 1175 1150 1220 64
1197 1118 1274 1219 ξε

511 1233 819 1285 distrahitur
841 1235 1175 1286 multitudine
1213 1235 1358 1299 (pro,
1382 1231 1575 1283 affectu

512 1300 723 1363 amoris)
741 1301 775 1351 J
800 1304 864 1349 80
921 1307 1152 1350 arrectus
1170 1299 1205 1352 J
1222 1304 1286 1349 93
1352 1297 1518 1348 flexus
1540 1298 1574 1350 J

508 1368 610 1415 102
685 1366 882 1415 animus
924 1374 1006 1416 est
1051 1367 1118 1415 ad
1159 1364 1491 1414 defendenda
1535 1364 1578 1413 F

514 1432 630 1492 301,
653 1434 715 1480 13
780 1430 1020 1481 militaris
1057 1433 1098 1481 F
1126 1435 1242 1494 311,
1270 1436 1299 1479 5
1366 1429 1578 1493 negotio

517 1493 686 1544 defuit
730 1496 771 1545 F
793 1500 911 1555 322,
935 1501 997 1546 17
1084 1501 1263 1546 monet
1301 1496 1343 1544 F
1376 1498 1492 1555 340,
1514 1497 1579 1543 24

515 1558 682 1610 fretus
704 1562 902 1626 negotii
930 1561 1286 1627 magnitudine
1308 1560 1352 1608 F
1373 1562 1491 1622 345,
1519 1564 1577 1609 15

514 1623 670 1677 ardet
706 1626 940 1677 omnibus
977 1629 1020 1677 F
1042 1631 1159 1687 347,
1183 1630 1243 1676 17
1310 1624 1390 1674 sin
1428 1624 1483 1674 in
1524 1631 1579 1674 te

515 1688 611 1740 ille
627 1699 708 1742 est
727 1692 815 1757 qui
831 1693 963 1756 jam,
984 1697 1082 1742 διο.
1118 1692 1161 1741 F
1183 1694 1298 1752 349,
1314 1694 1377 1740 14
1445 1703 1581 1754 prae-

518 1769 665 1819 ceps,
704 1757 1071 1807 immoderatus
1114 1758 1156 1806 F
1192 1760 1308 1817 350,
1343 1758 1407 1804 16
1470 1769 1583 1805 suc-

519 1822 718 1872 cumbit
750 1823 791 1871 F
813 1827 928 1884 353,
955 1828 1016 1872 18
1084 1820 1149 1871 ad
1189 1821 1513 1884 voluptatem
1551 1834 1583 1868 a

520 1899 646 1935 vero
669 1886 849 1937 deficit
872 1889 914 1937 F
933 1892 1046 1952 353,
1065 1892 1127 1937 25
1173 1902 1243 1937 ex
1261 1883 1584 1936 conscientia

518 1952 962 2069 amem
978 1955 1177 2069 ³5⁹3?
1198 1949 1585 2066 „tzaris

523 2082 742 2131 muitum
785 2096 962 2133 eorum
1002 2081 1182 2132 animis
1218 2080 1420 2130 addidit
1453 2079 1487 2132 J
1521 2084 1584 2129 75

524 2145 628 2196 alia
646 2146 999 2210 hujuscemodi
1040 2147 1221 2197 animis
1255 2145 1532 2196 trahebant
1550 2143 1585 2195 J

527 2214 591 2260 84
608 2218 847 2275 reputate
863 2229 980 2263 cnm
995 2211 1362 2263 anisnisvestris
1381 2219 1438 2260 et
1450 2211 1484 2261 J
1505 2213 1588 2270 13,

525 2279 682 2336 70,84
708 2278 749 2326 F
769 2280 883 2340 846,
899 2283 930 2328 4
981 2276 1257 2328 laetissimis
1275 2275 1537 2340 excipitur
1552 2275 1588 2326 J

525 2343 591 2390 88
622 2348 767 2391 tanto
792 2344 993 2406 agmine
1013 2352 1171 2407 atque
1188 2341 1372 2390 animis
1393 2340 1593 2390 incedit

526 2404 701 2467 Ρ278,
726 2410 786 2455 13
821 2408 1016 2458 Justin.
1038 2412 1090 2469 3,
1110 2413 1160 2468 5,
1183 2410 1263 2456 13.
1288 2420 1474 2469 agmen
1498 2418 1591 2468 pro

527 2470 727 2533 impetu
766 2472 1048 2535 cujuslibet
1085 2473 1176 2522 rei.
1211 2471 1354 2535 Virg.
1395 2471 1483 2520 Illi
1505 2484 1590 2533 ag-

527 2536 664 2585 mine
723 2543 870 2586 certo
918 2539 1209 2588 Laocoonta
1271 2543 1488 2599 petunt:
1536 2540 1594 2584 et

524 2600 721 2665 neon-3.
751 2601 825 2662 iii,
846 2606 943 2652 423
1019 2611 1370 2665 extremaeque
1392 2600 1595 2663 agmina

528 2666 728 2717 caudae.
785 2667 897 2718 Iaiv.
949 2668 1181 2720 Juvenes
1235 2681 1331 2730 per
1372 2665 1594 2715 mediam

529 2732 833 2782 concionem
877 2734 1084 2797 agmine
1123 2732 1355 2796 ingressi.
1387 2731 1595 2796 quantis

530 2796 653 2848 ierit
674 2798 730 2848 in
762 2798 806 2846 F
828 2802 945 2860 303,
968 2804 1000 2848 2
1066 2798 1121 2847 in
1145 2796 1327 2846 animis
1349 2796 1595 2846 habetote

531 2860 576 2911 F
598 2866 713 2925 324,
749 2867 811 2912 19
875 2863 1010 2913 haud
1051 2877 1177 2912 sane
1217 2862 1316 2911 aiio
1352 2869 1595 2910 eventum

450 2984 461 2991 ‚
530 2928 885 3005 expectabant
928 2930 971 2978 C
1012 2932 1075 2978 37
1143 2927 1230 2992 qui
1267 2925 1394 2975 mihi
1439 2933 1598 2990 atque

527 3006 703 3045 ammo
746 3008 865 3043 meo
911 2995 1098 3044 nullius
1142 3006 1367 3056 unquam
1414 2990 1598 3040 delicti

534 3059 753 3123 gratiam
775 3059 1020 3108 fecissem
1043 3060 1087 3109 C
1110 3062 1175 3108 52
1242 3062 1425 3119 parato
1456 3056 1501 3104 C
1533 3060 1598 3104 58

534 3124 689 3173 aliter
706 3124 877 3173 animo
895 3124 1129 3187 agitabat
1148 3123 1181 3174 J
1206 3125 1263 3172 11
1299 3121 1402 3169 vid.
1438 3119 1600 3183 agita·

537 3188 629 3238 bat
648 3189 682 3239 J
705 3192 769 3238 63
838 3203 1018 3252 parum
1039 3188 1210 3237 animo
1232 3187 1456 3236 valuisse
1477 3185 1512 3237 J
1537 3188 1597 3235 ll

540 3253 597 3302 iu
618 3254 788 3302 animo
810 3254 1005 3303 habere
1026 3254 1060 3305 J
1085 3256 1141 3302 11
1190 3266 1308 3301 meo
1339 3250 1603 3301 carissime

534 3317 571 3369 J
613 3321 675 3366 14
742 3318 839 3379 ἐμᾷ
870 3316 1178 3382 κεχαρισμένε
1199 3318 1342 3378 θυμῷ.
1412 3315 1601 3365 Animo

527 3381 642 3498 ,ξω
662 3382 926 3432 invaserat
945 3384 976 3434 J
998 3389 1064 3433 20
1129 3395 1299 3447 neque
1323 3395 1413 3431 vos
1430 3395 1603 3445 neque

524 3482 529 3487 »
595 3460 685 3497 eos
704 3447 793 3497 im.
817 3449 869 3496 in
893 3448 1063 3498 animo
1086 3446 1291 3497 babetJ
1310 3449 1375 3495 24
1426 3446 1601 3495 Romae

540 3512 714 3563 omnia
736 3524 925 3561 venum
946 3513 1021 3561 ire
1044 3514 1097 3561 in
1120 3514 1289 3561 animo
1320 3509 1546 3561 haserat
1569 3510 1602 3561 J

540 3581 608 3628 28
671 3578 890 3627 ardebat
911 3577 945 3629 J
968 3582 1035 3627 39
1102 3590 1315 3626 vaenum
1357 3576 1604 3625 Rutilium

536 3642 575 3695 J
597 3647 663 3693 52
728 3642 958 3707 cupienti
982 3643 1107 3693 nihil
1130 3642 1256 3693 satis
1273 3639 1550 3690 festinatur
1569 3638 1604 3691 J

530 3710 608 3758 -64
675 3706 742 3759 ob
764 3708 969 3758 morbos
1002 3707 1171 3757 animo
1213 3719 1397 3771 parum
1435 3706 1606 3755 valido

540 3773 576 3827 J
600 3777 664 3823 65
731 3773 913 3822 anxius
934 3775 1141 3824 trahere
1178 3786 1295 3825 cnm
1333 3785 1425 3821 sno
1468 3770 1503 3823 J
1542 3774 1607 3821 93

543 3837 766 3889 demisso
783 3838 816 3890 J
841 3843 906 3887 98
951 3839 1082 3889 Cum
1099 3837 1269 3886 animo
1283 3851 1375 3887 suo
1397 3836 1606 3885 volvere

542 3902 812 3969 (multum)
830 3904 864 3954 J
887 3908 981 3953 108
1060 3917 1229 3966 neque
1250 3903 1419 3951 animo
1439 3914 1608 3965 neque

544 3968 722 4031 lingua
745 3976 1044 4031 competere
1065 3968 1108 4017 F
1132 3970 1250 4027 286,
1274 3970 1334 4015 11
1403 3979 1609 4029 compo-

546 4040 658 4083 tem
676 4034 717 4081 F
735 4037 852 4087 327.
867 4038 898 4081 8
950 4048 1052 4082 nuo
1076 4032 1406 4091 pergentibus
1431 4031 1471 4077 F
1495 4035 1613 4092 301,

547 4100 610 4148 14
634 4098 798 4148 multa
816 4113 933 4148 cum
945 4098 1115 4148 auimo
1129 4095 1349 4162 agitanti
1363 4096 1406 4145 F
1421 4099 1537 4157 348,
1549 4100 1611 4145 13

549 4177 655 4228 quo
675 4162 838 4228 magis
859 4163 955 4213 tibi
976 4164 1133 4213 etiam
1157 4170 1313 4228 atque
1330 4161 1488 4211 etiam
1509 4159 1615 4230 ani·

544 4236 635 4279 no
650 4227 1069 4290 prospiciendum
1091 4234 1171 4278 est
1190 4228 1232 4276 F
1250 4231 1367 4287 351,
1383 4229 1445 4277 15
1494 4239 1614 4275 esse

546 4290 692 4345 malo
725 4298 882 4359 atque
920 4291 1082 4346 infido
1124 4293 1166 4345 F
1198 4290 1321 4357 an,
1352 4295 1386 4344 2
1450 4290 1617 4345 libero

1234 1169 1430 1229 entitur
1451 1169 1484 1219 J
1509 1173 1575 1218 64

1158 374 1403 424 INDEX
1452 373 2007 424 GRAMMATICUS

1639 517 1810 567 animo
1828 519 1870 567 P
1887 521 2006 579 358,
2027 520 2062 566 2
2119 516 2298 582 iniquo
2323 515 2614 583 (graviter,
2635 518 2717 597 et)
2813 512 2821 517 ’

1643 585 1686 633 F
1707 588 1821 644 361,
1847 588 1873 633 1
1921 583 2271 633 inverecundo
2293 584 2340 632 F
2359 585 2478 645 322,
2499 587 2534 632 2
2594 583 2718 634 Am-

1643 664 1780 698 innm
1802 648 2382 713 humanum-(homines)
2418 662 2518 712 per
2553 649 2715 699 licen·

1646 713 1768 763 tiam
1794 714 2108 764 insolescere
2128 714 2172 764 C
2192 718 2227 762 6
2265 710 2276 723 ’
2291 714 2575 764 induxerat
2601 716 2654 764 in
2675 717 2718 766 C

1644 785 1708 829 54
1733 795 1834 828 non
1859 778 2167 828 mediocrem
2186 777 2409 827 animum
2428 778 2722 842 poliicitan·

1639 844 1714 893 do
1735 845 2080 894 accenderant
2102 845 2133 895 J
2153 849 2185 893 8
2228 842 2543 894 flexitsuum
2563 854 2622 895 et
2642 846 2726 897 be-

1643 909 1845 958 neficiis
1868 911 2077 958 vincere
2099 924 2373 973 aggressus
2387 910 2423 960 J
2431 914 2504 958 98
2552 925 2584 958 a
2604 926 2726 961 con·

1643 984 1796 1024 stiota
1812 974 2027 1024 libidine
2039 976 2297 1024 continuit
2309 975 2343 1025 J
2359 979 2418 1023 15
2439 976 2494 1024 in
2509 990 2722 1039 mgnum

1649 1039 1964 1090 Adherbalis·
1973 1040 2198 1089 animum
2213 1039 2436 1089 intendit
2447 1040 2485 1092 J
2505 1044 2573 1090 20
2587 1050 2646 1092 et
2659 1046 2723 1091 43

1647 1119 1838 1169 augere
1854 1105 1978 1166 suis,
1995 1104 2121 1154 ibid.
2155 1106 2406 1155 invictum
2437 1114 2595 1169 gerat
2637 1107 2724 1156 ad—

1648 1185 1852 1220 versum
1875 1170 2080 1220 divitias
2100 1170 2134 1222 J
2155 1174 2219 1220 43
2287 1170 2479 1220 ducem
2498 1172 2604 1220 illis
2623 1187 2724 1222 non

1648 1236 1875 1285 animum
1897 1241 2149 1287 mutatum
2169 1237 2203 1287 J
2227 1240 2294 1286 49
2342 1236 2411 1284 ad
2433 1242 2622 1287 cetera
2643 1253 2733 1301 pa·

1651 1315 1760 1350 rem
1774 1302 2001 1351 animum
2010 1301 2239 1365 gerantJ
2254 1306 2319 1351 54
2336 1316 2488 1350 snum
2497 1303 2728 1353 animum

1649 1364 1868 1416 flectere
1890 1366 2035 1429 cepit
2054 1366 2087 1417 J
2113 1370 2178 1415 62
2225 1366 2453 1430 impellit
2475 1368 2544 1415 ad
2583 1368 2728 1418 deffi-

1654 1431 1847 1480 tionem
1870 1431 1904 1481 J
1923 1435 1990 1481 62
2021 1445 2178 1493 snper
2197 1430 2463 1480 fortunam
2489 1446 2678 1497 gerere
2693 1434 2730 1485 J

1652 1501 1718 1546 64
1751 1494 1972 1561 fatigare
1993 1496 2024 1547 J
2046 1500 2138 1545 70.
2168 1497 2234 1546 de
2259 1497 2512 1546 Numidia
2541 1498 2732 1548 bon-n

1653 1560 1844 1611 habete
1867 1561 2093 1611 animum
2113 1562 2147 1612 J
2165 1565 2228 1609 85
2276 1563 2438 1611 vertit
2461 1562 2499 1613 J
2519 1566 2590 1612 44
2639 1577 2732 1629 pro

1653 1625 1899 1677 advertit.
1926 1624 2114 1676 fortem
2130 1634 2368 1690 gererent
2392 1627 2425 1679 J
2453 1631 2550 1676 107
2590 1627 2735 1692 apud

1655 1691 1880 1741 animum
1918 1707 2089 1741 meum
2127 1692 2252 1741 nihil
2290 1692 2462 1741 carina
2493 1693 2668 1744 habeo
2697 1693 2734 1744 J

1658 1761 1755 1807 110
1820 1758 2093 1807 immanem
2111 1755 2315 1806 inflexit
2330 1758 2369 1807 F
2392 1762 2515 1819 351,
2533 1762 2564 1807 7
2636 1772 2736 1822 ega

1659 1821 1737 1871 sic
1756 1821 1898 1885 apud
1914 1821 2138 1871 animum
2160 1836 2329 1871 meum
2350 1829 2534 1873 statuo
2557 1824 2604 1872 F

1657 1891 1725 1936 20
1758 1886 2048 1937 exercitato
2066 1888 2119 1936 in
2139 1901 2205 1936 ea
2225 1902 2284 1935 re
2305 1888 2532 1937 maxime
2556 1889 2602 1937 P
2621 1892 2740 1951 353,

1661 1956 1725 2002 10
1758 1952 1811 2000 in
1831 1951 1995 2001 literis
2017 1952 2210 2016 agitnvi
2228 1953 2402 2013 Ρ356,
2426 1958 2488 2002 11
2527 1954 2736 2021 subegit

1661 2017 1880 2066 adversa
1902 2032 1982 2066 res
2005 2017 2046 2067 F
2063 2021 2180 2078 357,
2202 2022 2229 2066 1
2300 2018 2504 2067 virilem
2522 2016 2740 2068 εὕει-ὶ-

1661 2087 1756 2132 nat
1779 2083 1823 2132 C
1843 2086 1902 2132 11
1969 2081 2186 2131 Animos
2211 2082 2477 2132 hominum
2523 2098 2738 2134 excree-

1665 2148 1757 2198 bnt
1797 2148 2015 2197 avaritia
2049 2148 2094 2197 C
2119 2151 2177 2197 ll
2245 2149 2581 2198 molliret-ant
2625 2149 2740 2199 loea

1665 2226 1867 2263 amoena
1890 2212 2186 2277 voinptaria
2207 2213 2252 2263 C
2275 2218 2335 2263 11
2395 2222 2451 2263 et
2494 2213 2742 2277 fatigant,

1662 2276 1790 2328 ibid.
1822 2278 2048 2327 omnium
2070 2278 2257 2328 alacris
2292 2280 2337 2329 C
2373 2283 2432 2328 21
2510 2278 2741 2329 intentos

1664 2343 2032 2407 expectatione
2052 2352 2272 2394 eventus
2291 2344 2324 2394 J
2342 2347 2410 2393 44
2477 2344 2670 2394 toliere
2704 2344 2737 2395 J

1659 2412 1760 2458 101
1827 2409 2139 2459 averterctJ
2170 2412 2260 2458 111
2317 2416 2538 2458 movent
2557 2408 2743 2474 Lepidi

1665 2472 1912 2523 mandata
1934 2475 1975 2523 F
1998 2477 2190 2532 283,st
2227 2474 2494 2537 oppressit
2519 2473 2740 2538 torpedo

1668 2539 1848 2652 {gg}
1872 2543 1905 2652 ἒ
1933 2539 2128 2589 attollit
2146 2539 2396 2603 splendor
2417 2540 2739 2590 domesticus

1836 2638 1854 2667 2

1732 2666 2199 2730 Animadvertatis,
2229 2668 2367 2732 quod
2392 2683 2495 2730 ego
2521 2684 2616 2721 voa
2637 2684 2741 2719 mo·

1667 2746 1766 2847 20⁹2
1788 2733 2304 2848 qssssffiffffii
2334 2735 2543 2849 Ριὲἳὲς
2561 2740 2742 2858 ιωωῑ
2689 2735 2740 2784 ²¹¹

1667 2862 1824 2912 modo
1865 2863 2079 2927 pavidos
2116 2863 2572 2914 animadverteres
2607 2866 2640 2916 J
2679 2870 2741 2915 60

1673 2928 1714 2976 F
1735 2931 1852 2991 282,
1869 2934 1899 2977 5
1966 2928 2074 2977 suis
2096 2943 2154 2978 se
2175 2929 2371 2978 artibus
2389 2930 2595 2979 tentari
2611 2929 2645 2982 J
2661 2935 2740 2993 48,

1669 2992 1703 3043 J
1727 2996 1792 3042 50
1842 3008 1944 3042 non
1969 2993 2114 3058 prius
2136 2994 2309 3043 omisit
2333 2995 2432 3043 niti
2458 3010 2618 3059 quam
2641 2994 2743 3044 ani·

1671 3055 1957 3107 madvertit
1984 3057 2017 3109 J
2070 3062 2132 3107 35
2207 3059 2463 3109 animatos
2503 3060 2586 3125 (in
2629 3076 2741 3111 eun

1671 3121 1831 3187 maie)
1852 3124 1895 3172 F
1918 3126 2035 3185 337,
2060 3128 2124 3173 12

1737 3185 1879 3236 Anni
1902 3187 2116 3238 comitia
2135 3187 2456 3253 impediebat
2477 3189 2516 3240 J
2542 3193 2608 3239 37
2657 3189 2744 3239 ahi

1675 3259 1911 3317 tempore
1934 3254 2057 3302 anni
2075 3267 2218 3303 mare
2233 3254 2489 3305 classibus
2509 3253 2743 3319 patefac-

1674 3327 1785 3368 tnm
1818 3326 1900 3369 est
1933 3319 1975 3367 F
2003 3322 2121 3379 331,
2155 3324 2217 3368 15
2284 3333 2474 3383 corpus
2499 3321 2654 3370 annis
2674 3321 2746 3368 in-

1674 3382 1878 3433 firmnm
1902 3383 1946 3434 C
1969 3389 2002 3433 6
2068 3384 2210 3462 ἠμί
2253 3391 2400 3446 aetas,
2433 3394 2623 3434 contra
2645 3384 2745 3434 iilis

1677 3448 2000 3563 annisgtgaie
2035 3449 2233 3563 divztiis
2266 3450 2748 3566 omfilalconsennc-

1677 3528 1772 3563 run
2021 3529 2118 3565 con
2146 3530 2208 3565 ec
2235 3530 2320 3564 nm

1743 3576 2095 3629 Annitebatnr
2131 3581 2164 3631 J
2189 3584 2254 3631 43
2318 3580 2511 3629 civitas
2553 3594 2748 3630 summo

1678 3643 1848 3693 studio
1866 3644 2201 3694 annitendum
2222 3646 2392 3694 acrius
2408 3645 2444 3697 J
2469 3648 2540 3694 85
2607 3646 2748 3695 anni·

1681 3713 1826 3758 tente
1847 3708 2035 3759 Crasso
2057 3710 2101 3759 C
2126 3714 2188 3760 19
2229 3710 2527 3761 annitimini
2549 3724 2748 3760 meeum

1679 3780 1736 3823 et
1758 3774 2014 3836 capessite
2035 3775 2216 3838 Renip.
2231 3774 2265 3826 J
2287 3779 2351 3824 85

1747 3837 1977 3888 Annuite
1999 3839 2200 3903 iegibus
2225 3839 2487 3904 impositis
2526 3839 2646 3892 Liv.
2684 3837 2750 3889 U.

1682 3904 1745 3953 C.
1772 3907 1883 3953 141.
1934 3905 2146 3954 annuite
2169 3905 2232 3955 P.
2254 3905 2316 3954 C.
2333 3913 2520 3953 natum
2540 3918 2750 3954 nune*

1684 3983 1784 4033 qne
1808 3976 2035 4019 vestrum
2058 3970 2304 4020 invictum
2325 3969 2614 4033 Campanis

1745 4033 1967 4085 Annuus
2002 4033 2137 4099 (vix)
2170 4041 2369 4084 sumtus
2395 4033 2558 4085 datus
2587 4040 2674 4084 est
2709 4033 2747 4083 1²

1682 4102 1799 4160 29⁷,
1818 4102 1884 4148 2⁰

1749 4163 1926 4213 Ante:
1952 4164 2100 4214 Luxu
2122 4169 2439 4226 antecapere
2460 4164 2506 4214 C
2528 4167 2588 4215 13
2623 4169 2746 4213 ten·

1687 4242 1786 4291 pua
1808 4228 1841 4280 J
1865 4232 1927 4278 21
1974 4228 2111 4278 diem
2131 4233 2165 4278 4
2203 4229 2324 4278 Kal.
2369 4222 2748 4279 Novemtnioc

1686 4296 1753 4345 30
1815 4292 1980 4358 gioria
2001 4294 2127 4346 belii
2146 4293 2326 4355 Gallos
2343 4298 2472 4345 ante
2491 4293 2744 4345 Renum
