2984 4892
501 419 632 488 3⁰8
1212 433 1278 484 c.
1323 426 1567 480 cmsrl
1623 426 2025 479 sAnnus‘ru

505 586 572 646 et
624 579 809 658 illuc,
848 583 1143 643 munera.e
1188 575 1423 641 ditium
1480 573 1918 640 dominorum.
2007 571 2259 661 Atqne‘
2294 575 2441 643 haec
2484 575 2726 643 eadem

504 702 638 748 non
680 685 832 746 sunt
873 680 1281 763 agrestibus3
1330 677 1451 743 sed
1480 677 1853 744 creduntur⁸
1895 679 2062 743 inter
2093 679 2457 764 potentium
2505 682 2728 745 inimi·

508 785 728 862 citius,
779 783 1090 866 donoque
1141 781 1380 846 dantur
1429 781 1500 845 in
1550 780 1935 863 provincias
1978 782 2503 863 magistratibus.
2611 782 2731 849 Ita

508 892 863 972 pugnatur,
908 891 977 950 et
1019 884 1307 950 vincitur
1346 885 1625 970 paucis:
1672 885 1924 968 plebes,
1954 882 2421 968 quodcumque
2450 883 2727 963 accidit,

507 1009 633 1074 pro
685 988 881 1054 victis
908 991 1031 1066 est,
1058 992 1124 1050 et
1164 988 1233 1050 in
1260 987 1407 1052 dies
1434 988 1654 1071 magis
1692 987 1850 1051 erit:
1883 988 1943 1051 si
1977 986 2247 1071 quidem
2293 987 2542 1070 majore
2562 1005 2733 1052 cura

508 1088 1025 1156 dominationem
1067 1089 1164 1155 illi
1199 1089 1600 1168 retinuerint,
1643 1107 1846 1174 quam
1871 1106 1997 1153 vos
2040 1088 2480 1173 repetiveritis
2524 1088 2734 1154 liber·

512 1196 742 1258 tatem.

590 1293 966 1379 Postquam
991 1313 1294 1378 egressus
1313 1295 1679 1378 angustias,
1768 1290 2029 1358 Messus.

588 1394 703 1460 Ad
734 1396 1055 1482 Cyzicum
1080 1399 1371 1482 perrexit
1399 1397 1698 1464 firmatus
1722 1396 1944 1462 animi.
2023 1391 2130 1459 Er
2158 1392 2383 1459 eodem.

596 1497 695 1564 Ut
722 1501 1035 1566 sustinere
1056 1521 1340 1586 corpora
1369 1501 1665 1585 plerique
1690 1503 2114 1584 nequeunteS,
2144 1496 2361 1577 fessi‚¹¹
2388 1515 2576 1563 arma
2604 1516 2732 1563 sua

509 1599 794 1686 quisque
814 1609 1063 1669 stantes
1092 1605 1562 1671 incumberent.
1637 1600 1815 1667 Idem
1844 1608 1913 1668 et
1944 1600 2218 1666 Servius.

593 1702 703 1770 Ac
750 1708 973 1770 statim
1017 1706 1304 1789 fugitivi,
1357 1711 1587 1772 contra
1625 1711 2039 1790 praeceptum
2101 1704 2318 1781 duciS‚
2362 1719 2600 1786 rapere
2641 1691 2740 1767 ad

509 1812 815 1892 stuprum
841 1808 1127 1892 virgines
1150 1815 1644 1892 matronasque.
1737 1804 2008 1871 Nonius.

599 1910 866 1988 Quibus
923 1931 966 1976 a
1022 1911 1316 1976 Sertorio
1361 1912 1662 1995 triplices
1712 1912 1975 1977 insidiae
2017 1929 2136 1994 per
2179 1909 2458 1974 idoneos
2512 1907 2735 1973 saltus

507 2013 753 2097 positae
775 2019 992 2078 erant:
1028 2010 1285 2098 prima}
1314 2031 1469 2099 quse
1490 2014 1671 2079 fonte
1700 2013 2033 2079 venientes
2064 2011 2422 2096 exciperet.
2505 2012 2690 2074 Serv.

593 2112 837 2197 Ingens
863 2116 1011 2199 ipse
1037 2116 1303 2193 virium,
1335 2121 1536 2199 atque
1558 2115 1804 2179 animi.‘
1854 2112 2224 2177 Arusianus.

592 2216 851 2282 Locum
870 2218 1147 2296 nullum,
1177 2217 1306 2282 nisi
1335 2219 1403 2281 in
1422 2238 1556 2301 quo
1575 2217 1812 2282 armati
1837 2216 2252 2282 institissent.
2322 2210 2525 2275 Idem.

590 2316 687 2384 At
711 2319 974 2404 Oppius
1009 2328 1371 2404 postquam
1408 2339 1608 2386 orans
1636 2320 1798 2385 nihil
1827 2317 2251 2403 proficiebat,
2282 2313 2516 2380 timide
2548 2320 2734 2381 veste

507 2427 757 2487 tectum
786 2426 1136 2507 pugionem
1166 2424 1483 2507 expedire
1534 2429 1834 2501 conatuS‚
1873 2442 1916 2486 a
1958 2420 2161 2486 Cotta
2183 2417 2578 2501 Vulcioque
2609 2418 2733 2483 im-

507 2524 789 2609 peditur.
841 2521 1104 2588 Nonius.
1152 2529 1172 2559 ‘
1195 2525 1412 2608 Pugio
1440 2530 1543 2590 est
1565 2524 1788 2589 brevis
1820 2519 2120 2606 gladius!

595 2625 983 2712 Castrisque
1012 2629 1297 2706 collatis,
1336 2647 1566 2713 pugna
1592 2632 1817 2693 tamen
1860 2623 2124 2707 ingenio
2150 2622 2287 2688 loci
2331 2621 2733 2707 prohibeba-

510 2734 635 2795 tur.
699 2727 747 2791 I
740 2728 896 2793 dem.

596 2833 730 2899 Sed
755 2832 1118 2918 Pompeius
1162 2853 1206 2898 a
1244 2833 1468 2918 prima
1494 2832 1965 2911 adolescentia,
2019 2847 2318 2895 sermone
2365 2827 2728 2907 fautorum,

507 2935 791 3001 similem
825 2936 966 3002 fore
996 2957 1070 3000 se
1110 2936 1380 3002 credens
1411 2933 1806 3000 Alexandro
1844 2932 2007 3018 regi,
2055 2931 2238 2997 facta
2289 2929 2732 3014 consultaque

510 3038 658 3123 ejus
689 3038 960 3123 quidem
983 3039 1273 3104 aemulus
1300 3045 1461 3104 erat.
1530 3033 1800 3102 Nonius.
2719 3071 2728 3078 -

598 3139 867 3207 Dubius
890 3141 1172 3209 consilii.
1237 3142 1618 3208 Arusianus.

1517 3323 1731 3403 ΝΟΜ.

573 3482 596 3509 ·
618 3474 845 3542 Munera]
901 3479 1094 3531 Munus
1114 3481 1212 3532 hoc
1243 3482 1467 3533 maxime
1489 3488 1575 3534 est
1652 3496 1781 3549 quos
1813 3480 2054 3547 dirigitur
2089 3481 2277 3544 oratio,
2301 3478 2448 3546 qussi
2482 3492 2604 3531 eum
2628 3483 2732 3529 sto·

510 3551 846 3617 invidiosum3
899 3552 1150 3621 supponit
1204 3557 1360 3621 enim,
1415 3573 1577 3623 penes
1652 3558 1835 3608 macho
1869 3558 2091 3622 diceret,
2125 3558 2307 3608 Suntne
2331 3558 2407 3607 ini
2442 3557 2590 3606 multo
2611 3553 2734 3615 feli·

509 3627 721 3678 eosdem
754 3645 868 3679 esse
904 3631 1151 3684 Domiuos
1184 3634 1312 3684 istas
1347 3634 1577 3686 ambulo.-
1653 3636 1802 3685 riores
1821 3637 1905 3698 qui
1919 3632 2309 3698 εωάαηίνῖᾂο.

509 3704 678 3756 tiones
716 3706 1019 3769 prohibere:
1071 3717 1226 3775 atque
1260 3710 1413 3760 etiam
1451 3709 1579 3760 invi·
1657 3701 1664 3708 ’
1720 3708 1743 3744 ¹¹
1780 3711 1938 3777 Fessi]
1981 3712 2133 3761 Hanc
2156 3726 2337 3761 vocem
2368 3725 2434 3758 ex
2469 3710 2732 3774 interpre-

510 3779 651 3830 dism
691 3791 849 3847 auget
870 3799 971 3832 vox
993 3785 1184 3849 ditium,
1222 3801 1322 3850 qua
1355 3785 1580 3835 domino·
1658 3793 1890 3839 ramento
1932 3787 2162 3838 additam
2194 3786 2355 3836 fuisse
2393 3786 2578 3836 Dona
2607 3800 2734 3836 eon·

513 3872 625 3908 rum
646 3855 954 3909 felicitatem
981 3859 1047 3910 ob
1066 3862 1241 3911 oculos
1265 3860 1430 3924 ponit.
1661 3864 1860 3926 tendit;
1919 3870 2186 3930 totumque
2247 3863 2600 3927 fragmentum
2626 3875 2732 3935 ⁴ex

576 3930 599 3964 f
628 3931 808 3998 Atque]
849 3935 1095 3984 Arbitror
1128 3936 1265 3984 istud
1301 3936 1399 3984 sibi
1435 3935 1576 4000 obje-
1655 3937 1919 4006 frontone
1956 3940 2032 3990 ita
2053 3939 2354 3990 constituit:
2406 3938 2736 3989 Uenetiam

509 4011 641 4061 cisse
684 4012 973 4061 Tribunum
1018 4022 1269 4076 nostrum,
1313 4029 1380 4062 ex
1420 4022 1575 4079 parte
1652 4031 1848 4080 corpora
1887 4022 2187 4080 nequeuntes,
2229 4030 2364 4066 arma
2404 4030 2495 4065 m
2536 4016 2736 4080 quique

509 4100 705 4151 eorum,
728 4089 950 4152 quicum
967 4096 1113 4137 extra
1139 4089 1317 4139 urbem
1339 4097 1576 4154 agerent,
1653 4089 1837 4141 instans
1854 4091 2156 4142 incumberet.

495 4160 585 4224 jus
608 4168 779 4212 tamen
801 4164 1062 4213 habebant
1076 4163 1318 4229 suffragii.
1719 4165 1733 4201 ¹
1765 4168 1958 4232 Prima]
2001 4169 2155 4220 Nunc
2175 4166 2379 4220 insidiae
2400 4173 2730 4236 usurpantu-

576 4242 602 4278 8
635 4237 919 4300 (ἂι-ἀνιὼν]
981 4238 1268 4304 Responsio
1312 4246 1414 4306 est,
1456 4257 1574 4307 quae
1655 4249 1857 4296 tantum
1877 4258 2089 4296 numero
2109 4243 2322 4309 plurali..

510 4311 732 4362 maxime
770 4314 886 4372 illos
927 4328 1244 4381 exasperare
1282 4317 1467 4384 possit,
1505 4316 1572 4370 sd
