2984 4892
1146 435 1236 483 Εἰ·
1283 421 1655 485 carrione.

370 579 681 632 Paci-eatur
701 577 860 630 vitam
879 582 1079 628 tantum
1095 576 1162 628 ab
1176 594 1240 629 eo
1261 579 1296 631 J
1309 583 1374 628 26

302 657 421 761 3:ae
446 653 601 711 pacta
621 645 671 694 in
697 644 1038 694 conventione
1055 659 1157 694 non
1173 645 1374 708 praesti-

375 716 495 761 sent
516 711 558 760 F
594 714 708 770 327,
728 713 759 759 3
842 710 1095 774 collegam
1133 710 1373 773 pactione

304 776 585 841 provinciae
601 775 906 839 perpulerat
917 789 981 823 ne
994 780 1175 824 contra
1188 775 1374 853 Remp.

301 842 627 892 consentiret
670 840 713 889 C
756 844 821 890 26
866 846 922 890 et
955 840 990 890 J
1035 844 1099 889 38
1197 845 1373 904 pactio

305 905 447 970 apud
467 905 618 955 Orat.
644 911 700 954 et
726 904 867 955 Hist.
901 910 980 955 est
1002 905 1069 954 de
1089 919 1144 954 re
1163 905 1373 970 publica

305 972 583 1021 conventio
633 971 772 1019 inter
826 983 1072 1034 personas
1119 969 1371 1033 publicas.

342 1042 517 1086 actum
562 1036 627 1085 de
674 1035 880 1098 privata
917 1035 1055 1085 iuter
1095 1035 1373 1099 quoslibet.

352 1101 419 1152 ic.
452 1115 547 1164 pro
581 1101 773 1149 Caecin.
812 1100 968 1151 Quod
1005 1100 1232 1150 edictum
1264 1115 1372 1149 ma-

302 1165 576 1229 gistratus,
599 1164 736 1230 quod
763 1163 932 1214 foedus
972 1171 1062 1214 aut
1086 1164 1279 1229 pactio.
1316 1174 1372 1214 et

304 1229 373 1298 ιβ
395 1229 562 1280 Attic.
581 1235 632 1293 4,
661 1230 755 1280 Iss.
798 1244 919 1279 vero
950 1243 1052 1278 non
1091 1237 1374 1292 agnoscunt

301 1295 439 1345 hanc
483 1293 847 1345 differentiam.
918 1294 1039 1344 Sine
1095 1298 1199 1344 ulla
1257 1309 1372 1345 sese

304 1358 516 1410 tradere
552 1360 585 1412 J
620 1364 684 1410 72
751 1361 838 1472 Ἔιί
887 1358 952 1409 de
997 1374 1127 1424 pace
1174 1365 1264 1409 aut
1320 1359 1353 1409 b

301 1425 571 1489 pactiones
613 1439 729 1473 cum
805 1431 917 1474 oste
961 1422 1209 1475 fecissent
1239 1424 1272 1475 J
1307 1429 1372 1474 40

300 1489 491 1539 statuit
554 1504 669 1539 cnm
724 1489 798 1538 eis
856 1488 923 1537 de
977 1489 1211 1539 omnibus
1256 1503 1373 1553 pac-

302 1554 532 1604 tionibus
567 1569 792 1619 praesens
828 1568 988 1616 agere
1027 1554 1059 1606 J
1085 1558 1150 1604 29
1218 1563 1372 1617 pacto

298 1618 467 1669 vitam
491 1620 744 1669 dederant
783 1620 952 1683 palam
984 1620 1107 1669 nihil
1130 1634 1372 1669 ausurum

371 1749 637 1813 Palantes,
692 1748 810 1813 vagi
865 1749 901 1800 J
949 1753 1010 1798 18
1091 1749 1156 1798 ab
1212 1749 1374 1813 signis

303 1813 524 1864 aberant
545 1814 867 1878 vagabantur
888 1820 940 1864 et
966 1816 1204 1876 palantes
1227 1816 1372 1863 villas

303 1894 606 1944 expugnare
626 1883 723 1929 ἀς.
740 1879 773 1930 J
791 1883 854 1928 44
921 1879 1129 1942 milites,
1155 1879 1398 1936 inermes.

372 2008 752 2058 paludamenta
774 2015 946 2058 astare
970 2010 1011 2057 F
1031 2013 1146 2069 309,
1169 2013 1232 2057 10
1302 2014 1376 2058 to·

306 2088 425 2139 gam
450 2075 812 2137 paludamento
847 2074 1063 2122 mutavit
1097 2075 1140 2122 F
1173 2077 1289 2135 322,
1313 2078 1374 2124 16

306 2153 516 2189 arenam
563 2140 788 2204 aliquam
832 2147 922 2187 aut
959 2138 1172 2203 paludes
1216 2146 1372 2188 emat.

308 2205 422 2258 Cic.
444 2203 634 2267 Agrar.
657 2209 688 2254 2

371 2268 631 2319 Paludes:
690 2269 909 2334 relegati
953 2269 1003 2317 in
1062 2268 1275 2332 paludes
1319 2276 1375 2319 et

305 2349 330 2383 s
368 2335 478 2384 lvas
515 2333 558 2382 1³
590 2338 788 2394 278,11
858 2349 890 2382 a
932 2334 1203 2396 paludibus
1237 2334 1374 2383 invia

382 2404 497 2463 272,
523 2403 582 2447 12
649 2399 857 2447 deserta
902 2398 1103 2462 paludis
1145 2399 1372 2448 accolam

303 2464 612 2527 Scipionem.
628 2465 804 2514 Valer.
824 2479 872 2523 v,
895 2463 981 2513 ubi
1020 2464 1123 2515 Ms.
1143 2465 1375 2515 civitatis

304 2529 544 2595 ignobilis
561 2544 676 2578 eum

372 2595 510 2644 Par:
544 2593 697 2644 facile
738 2609 830 2657 par
868 2592 1151 2659 similisque
1184 2593 1373 2643 ceteris

306 2658 631 2709 efficiebatur
655 2660 696 2709 C
722 2664 783 2709 14
850 2673 1028 2722 parem
1063 2673 1178 2707 cum
1199 2658 1374 2707 liberis

306 2724 413 2775 tuis
437 2724 606 2774 fecisti
628 2724 661 2775 J
691 2729 750 2774 14
816 2725 1087 2773 hortantur
1110 2724 1173 2771 ad
1196 2729 1375 2772 cetera

305 2804 422 2852 quae
441 2790 578 2839 levia
601 2799 720 2839 sunt
735 2804 909 2852 parem
934 2788 1158 2837 animum
1189 2794 1374 2851 gerant

304 2855 340 2907 J
360 2859 424 2905 ⁵⁴
477 2853 617 2903 fatua
634 2863 788 2919 atque
809 2852 1013 2903 fortuna
1027 2868 1203 2902 eorum
1221 2867 1371 2916 pares

305 2927 425 2970 sunt
469 2920 512 2970 G
552 2924 611 2968 51
681 2927 855 2969 tractu
901 2919 1012 2982 pari
1050 2933 1194 2980 mons
1239 2918 1270 2969 J
1307 2923 1371 2968 48

305 2993 493 3035 natura
515 2999 681 3033 sumus
705 2985 737 3035 J
757 2989 822 3033 78
888 2984 1032 3048 equis
1051 2983 1373 3045 ‘operimenta

306 3051 351 3100 F
372 3054 485 3111 328,
515 3054 572 3098 1-1
641 3056 700 3099 ut
742 3055 836 3112 par
865 3046 1056 3106 fuerat,
1078 3048 1314 3097 decernit
1336 3049 1370 3099 J

307 3120 373 3165 39
438 3115 634 3164 offensu
679 3115 941 3162 minimum
982 3114 1150 3176 gratia
1172 3127 1286 3176 par,
1311 3127 1371 3161 nc

307 3182 351 3230 si
377 3194 535 3244 prope.
560 3179 850 3228 adet-scmus
894 3178 927 3229 J
955 3183 1049 3226 102
1117 3176 1371 3226 exercitui

305 3260 423 3294 meo
439 3252 493 3294 et
512 3245 731 3293 hostium
757 3258 850 3305 pur
869 3243 1101 3291 conditio
1125 3243 1290 3303 F298,
1311 3243 1372 3291 16

305 3310 679 3424 obsgguentior
720 3324 870 3372 quam
911 3307 1110 3373 parenti
1155 3321 1250 3370 par
1293 3315 1374 3376 est

374 3411 638 3489 Passabant
653 3438 902 3488 amicitias
917 3437 1096 3487 dandis
1112 3435 1375 3486 beneficus

308 3508 353 3557 C
370 3510 404 3556 6
437 3519 551 3569 pro,
566 3518 885 3567 comparare.
915 3503 1064 3552 Servi
1084 3511 1187 3551 aere
1205 3502 1374 3566 parati

304 3573 338 3624 J
358 3575 440 3620 31.
483 3569 593 3632 Sibi
612 3584 823 3634 reguum
844 3570 886 3618 C
903 3575 931 3617 5
982 3568 1165 3632 quibus
1182 3582 1376 3616 summa

307 3634 563 3687 claritudo
588 3641 802 3697 paratur
817 3635 848 3685 J
870 3639 900 3682 2
935 3633 1138 3681 domum
1159 3633 1375 3694 pecunia

306 3701 353 3751 F
368 3704 532 3762 363,0
600 3699 807 3761 Ulpian.
836 3699 901 3746 ud
938 3699 1112 3747 Sabin.
1132 3701 1214 3760 22,
1237 3697 1377 3746 lnte‘-

307 3773 418 3815 rest
441 3765 600 3827 ipsius
617 3779 775 3813 causa
789 3772 972 3827 parata
988 3765 1090 3812 sint
1106 3770 1159 3811 et
1179 3763 1375 3825 legata.

308 3845 377 3880 an
415 3829 573 3906 ipsius
613 3844 768 3878 causa
806 3836 965 3889 emta,
1005 3829 1196 3892 paratis
1238 3828 1375 3875 enim

308 3909 482 3945 omnin.
501 3894 848 3953 continentur,
882 3909 994 3957 quae
1016 3893 1179 3956 ipsius
1204 3891 1375 3940 usibus

307 3959 519 4010 fuerunt
554 3958 832 4008 desimam.
866 3965 1009 4007 emta
1031 3972 1156 4007 vero
1183 3972 1245 4006 ea
1266 3958 1376 4006 sole

307 4039 426 4090 quoe
450 4031 666 4088 propter
690 4039 802 4073 eam
828 4033 966 4072 emta
986 4021 1119 4073 fecit
1142 4024 1374 4071 maritus.

310 4091 426 4140 Liv.
463 4090 536 4150 iii,
581 4093 664 4149 3-1,
703 4097 895 4138 emtum
923 4096 1260 4151 paratumque
1283 4101 1374 4149 pu-

307 4154 467 4220 pillis.
498 4155 705 4204 Terent.
743 4155 968 4202 Eunucli.
991 4154 1156 4215 Cupio
1179 4152 1374 4216 aliquos

308 4234 498 4285 perure
537 4220 722 4268 amicos
761 4218 1013 4267 beneficio
1049 4232 1180 4266 meo.
1219 4219 1376 4265 inter-

308 4285 471 4334 ficere
483 4285 543 4333 Τ.
564 4285 606 4333 C
627 4288 687 4332 18
714 4284 1083 4347 impedimenta
1099 4297 1192 4344 per
1205 4282 1376 4330 socios

308 4349 344 4402 J
367 4354 433 4401 4⁰
487 4348 747 4414 proticisci
787 4348 1004 4413 parabat
1025 4350 1068 4397 C
1089 4352 1155 4397 46
1219 4347 1376 4396 armis

1347 2555 1356 2562 -
1449 2529 1603 2577 rebus

2327 437 2514 486 CXXV

1451 578 1772 630 contendere
1814 581 1850 632 J
1875 584 1936 630 13
2002 578 2274 642 festinare,
2325 575 2534 643 parare*

1451 644 1495 693 C
1515 649 1549 693 6
1599 644 1841 694 incendia
1873 646 1918 695 C
1939 650 2002 695 27
2037 646 2162 695 032
2226 647 2537 696 exercitum·

1450 710 1493 759 C
1517 713 1582 758 29
1625 708 1979 761 defensionem
2014 710 2058 760 C
2079 715 2144 760 36
2183 723 2308 760 auro
2324 710 2516 762 amicos

1448 775 1479 826 J
1501 779 1563 823 10
1588 781 1643 825 et
1660 775 1927 841 largiendo
1948 776 1983 828 J
2008 780 2069 824 13
2104 776 2342 824 Baebium
2364 775 2515 825 'ri-ib.

1450 839 1534 887 Pl.
1575 840 1611 891 J
1656 844 1718 889 33
1783 840 1953 890 moliri
2005 854 2204 917 ρει-πθ,
2248 848 2406 905 utque
2450 855 2532 891 eu·

1447 903 1602 953 modo
1626 905 1677 954 in
1699 905 1866 955 animo
1889 905 2081 954 habere
2119 905 2300 969 quibus
2324 906 2394 956 H.
2418 920 2514 970 per

1448 968 1624 1019 dolum
1672 977 1954 1035 caperetur
1996 972 2029 1021 J
2056 974 2112 1018 11
2183 985 2391 1035 prorsus
2437 970 2514 1019 in·

1449 1039 1623 1083 tentus
1645 1035 1678 1086 J
1697 1040 1761 1086 23
1828 1041 2007 1085 cetera
2046 1035 2390 1091 instrumenta
2424 1037 2517 1084 mi·

1446 1099 1574 1148 litiae
1600 1100 1632 1150 J
1657 1104 1719 1150 43
1778 1115 1948 1163 agere,
1964 1113 2195 1164 pugnare
2214 1107 2304 1150 aut
2328 1114 2512 1164 parare

1448 1164 1684 1215 omnibus
1707 1165 1835 1214 locis
1857 1165 1890 1216 J
1910 1170 1975 1214 60
2040 1179 2158 1215 cum
2180 1179 2513 1232 magna-curn

1446 1228 1482 1279 J
1527 1233 1594 1278 66
1677 1229 1867 1279 bellum
1920 1231 2077 1279 nihilo
2130 1230 2335 1294 segnius
2378 1230 2410 1281 J
2448 1233 2511 1278 75

1444 1291 1702 1357 flagitiose
1747 1295 1983 1345 venditas
2021 1309 2172 1360 quam
2219 1295 2533 1358 turpissime

1449 1362 1640 1423 parasti
1665 1360 1835 1421 F362‚
1856 1364 1885 1410 7
1954 1360 2211 1410 Numidiae
2257 1359 2513 1424 imperare

1446 1423 1478 1475 J
1525 1428 1585 1473 13
1652 1426 1827 1488 copias
1862 1425 1895 1476 J
1937 1430 2000 1476 21
2084 1439 2256 1474 eorum
2300 1422 2516 1503 pertidia

1449 1503 1545 1551 pro
1564 1490 1717 1538 armis
1738 1491 1814 1538 uti
1836 1491 1870 1541 J
1885 1495 1947 1539 61
2001 1496 2191 1539 cuncta
2202 1488 2514 1554 festinatque

1447 1554 1481 1604 J
1506 1557 1567 1602 73
1620 1555 2001 1604 multitudinem
2018 1554 2081 1604 nd
2103 1554 2356 1619 capienda
2373 1568 2514 1603 arma

1449 1618 1493 1667 C
1531 1623 1594 1667 27
1664 1625 1881 1668 turmam
1927 1635 1992 1668 ex
2045 1618 2339 1668 fortissimis
2382 1619 2416 1669 J
2448 1623 2513 1668 96

1447 1683 1614 1732 libera
1631 1684 1695 1733 ab
1713 1685 2005 1734 auctoribus
2024 1684 2254 1747 patriciis
2270 1681 2514 1747 suffragia

1449 1749 1490 1796 F
1513 1752 1628 1812 304,
1652 1753 1684 1796 9
1727 1748 1955 1798 facinora
1973 1749 2020 1797 in
2044 1748 2171 1797 civis
2189 1748 2513 1813 patriamque

1449 1813 1492 1862 C
1516 1817 1580 1862 52
1646 1815 1810 1878 majus
1835 1813 2063 1863 dedecus
2082 1824 2232 1877 parta
2256 1813 2528 1874 amittere‚·

1448 1893 1600 1941 quam
1647 1880 1852 1928 omnino
1906 1893 2006 1928 non
2066 1878 2324 1941 paravisse
2369 1879 2399 1929 J
2448 1879 2529 1928 81⁴

1449 1958 1562 2006 quae
1588 1944 1702 2006 ipse
1728 1942 1942 2008 perfidia
1976 1944 2180 1992 clientis
2217 1943 2311 2004 sui,
2336 1941 2513 1992 facere

1451 2009 1814 2071 praeveutumJ
1838 2013 1895 2057 71
1949 2009 2049 2058 alia
2064 2008 2161 2057 sibi
2172 2008 2289 2071 jura
2308 2009 2348 2056 F
2366 2011 2515 2070 2⁷3,ss

1448 2073 1663 2135 parandi
1697 2074 1832 2137 juris
1870 2081 1923 2123 et
1958 2073 2242 2138 majestatis
2265 2073 2529 2122 constitu:

1448 2137 1595 2186 endae
1657 2139 1825 2200 gratia
1878 2139 1908 2189 J
1955 2144 2016 2187 31
2104 2138 2238 2186 votis
2286 2137 2516 2201 paranda

1448 2203 1639 2252 auxilia
1679 2204 1719 2252 F
1758 2208 1873 2264 276,
1912 2209 1933 2252 1
2005 2204 2142 2252 inter
2178 2204 2289 2251 haec
2331 2211 2517 2266 parate

1449 2275 1606 2333 atque
1628 2268 1839 2317 decretu
1863 2269 1904 2318 C
1927 2272 1991 2316 43
2060 2269 2230 2317 aliena
2263 2267 2391 2316 bene
2425 2282 2515 2332 pn·

1450 2339 1562 2381 rata
1580 2333 1913 2396 prodegerint
1932 2334 1974 2382 F
1991 2337 2105 2396 277,
2121 2337 2150 2382 3
2195 2332 2308 2381 alia·
2326 2331 2516 2397 (leges)

1452 2399 1494 2447 C
1540 2403 1600 2447 51
1683 2399 1855 2459 parati
1901 2398 2190 2462 intentique
2233 2397 2266 2448 J
2312 2401 2377 2447 49
2441 2395 2521 2447 inss

1449 2463 1735 2527 structique
1776 2463 1808 2515 J
1846 2466 1908 2512 74
1974 2462 2342 2512 commeatibus
2381 2462 2413 2513 J
2450 2466 2518 2511 28

1677 2529 1833 2578 aratis
1868 2528 2269 2594 compositisque
2303 2527 2338 2577 J
2372 2531 2435 2576 43
2460 2521 2518 2577 et'

1448 2595 1480 2646 J
1506 2597 1587 2655 47,
1673 2598 1737 2643 94
1803 2600 1958 2657 atque
2002 2591 2127 2642 forti
2171 2593 2341 2641 animo
2384 2593 2516 2642 (358

1450 2658 1642 2721 paratis
1686 2657 1908 2706 militum
1951 2658 1991 2706 F
2029 2662 2146 2718 327,
2190 2661 2251 2706 21
2347 2670 2516 2719 neque

1448 2723 1585 2771 enim
1613 2728 1786 2770 tantos
1827 2723 1987 2771 ausim
2029 2735 2278 2770 revocare
2302 2727 2515 2784 paratus

1446 2788 1577 2836 Stat.
1601 2785 1835 2849 Achil-ii,
1851 2789 1965 2836 265.
2011 2786 2098 2835 ubi
2124 2787 2221 2834 Ms.
2238 2785 2516 2848 abripitur,

1448 2866 1564 2915 pro,
1582 2851 1817 2914 eripitur.
1882 2851 1976 2902 Jus
2016 2867 2046 2900 a
2077 2850 2224 2914 Sylla
2250 2850 2289 2898 F
2311 2855 2427 2910 300,
2452 2855 2516 2912 10

1446 2918 1524 2965 vis
1541 2916 1835 2965 'stibuuicia
1855 2918 2013 2967 telum
2033 2915 2259 2965 libertati
2278 2926 2513 2977 paratum

1449 2983 1490 3030 F
1512 2985 1627 3045 303,
1660 2985 1720 3030 10
1785 2981 2041 3030 disserere
2078 2981 2108 3031 J
2147 2984 2209 3031 ⁴2
2277 2979 2517 3034 incendia

1515 3112 1744 3160 Parcere
1790 3111 2055 3160 modestia>
2085 3115 2202 3159 ‘suff
2232 3109 2274 3159 C
2299 3113 2361 3158 14
2428 3122 2517 3170 pe·

1448 3176 1615 3225 cunire.
1639 3191 1702 3224 an
1718 3175 1869 3225 famae
1894 3176 2055 3224 miuus
2082 3176 2125 3223 C
2147 3180 2207 3223 25
2278 3167 2518 3235 dignitati

1451 3242 1661 3290 Lentuli
1705 3242 1746 3291 C
1785 3246 1849 3290 52
1940 3241 2108 3290 claves
2134 3238 2449 3288 adulterinas
2473 3237 2511 3289 J

1516 3370 1743 3420 Par-endi
1782 3370 1882 3419 sibi
1926 3375 2095 3419 metus
2132 3367 2403 3418 invaderet
2426 3381 2517 3432 po·

1448 3435 1691 3501 pnlarisJ
1716 3439 1778 3485 35
1848 3451 2033 3499 parere
2075 3434 2374 3484 crudelitati
2414 3442 2516 3483 tuoe

1448 3502 1669 3566 cogebas
1681 3502 1720 3550 F
1736 3505 1850 3564 363,
1862 3504 1925 3550 24
1973 3514 2073 3549 neu
2091 3501 2192 3554 cui,
2205 3500 2300 3548 nisi
2321 3497 2518 3562 legibus

1449 3581 1748 3631 pareremus
1768 3567 1810 3615 F
1844 3570 1961 3626 275,
1992 3571 2055 3614 10
2086 3564 2459 3614 modestissime
2481 3562 2516 3614 J

1449 3636 1478 3680 7
1547 3647 1660 3696 quae
1703 3631 1935 3680 homines
1982 3638 2146 3691 arant,
2190 3634 2292 3678 διο.
2333 3625 2517 3678 virtuti

1450 3698 1619 3745 omnia
1646 3703 1833 3760 parent
1853 3696 1897 3745 C
1919 3700 1950 3744 2

1516 3762 1742 3811 Parente
1789 3759 1965 3809 effoeta
2008 3759 2097 3824 (de
2132 3755 2319 3820 Romu)
2366 3757 2408 3806 C
2451 3759 2517 3806 53

1450 3839 1515 3875 ex
1544 3842 1592 3891 p.
1607 3841 1723 3875 meo
1747 3833 1802 3875 et
1825 3825 1892 3874 ab
1914 3825 2027 3874 aliis
2044 3823 2237 3872 sanctis
2254 3820 2376 3871 viris
2398 3821 2432 3879 J
2452 3821 2514 3884 85

1451 3899 1695 3957 purentes
1717 3890 1916 3940 abunde
1940 3889 2203 3947 habemus,
2230 3887 2288 3952 (i.
2335 3900 2382 3934 e.
2428 3886 2520 3935 im·

1450 3956 1599 4021 perio
1644 3964 1819 4005 nostro
1871 3952 2166 4016 audientes)
2209 3953 2242 4002 J
2284 3955 2377 4000 102
2430 3964 2518 4004 ex?

1452 4029 1570 4070 scta
1592 4029 1751 4070 aetnte
1773 4021 1816 4068 F
1838 4024 1953 4080 351,
1974 4023 2007 4068 6
2073 4017 2293 4081 patriam
2330 4029 2519 4079 puren-

1453 4092 1634 4150 tesque
1656 4087 1689 4136 J
1706 4090 1788 4144 87,
1811 4090 1906 4134 &c.
1976 4084 2182 4148 purim,
2201 4079 2522 4150 parentibus,

1452 4153 1551 4199 aris
1573 4160 1728 4215 atque
1753 4150 1883 4201 focis
1907 4150 1949 4198 C
1976 4153 2039 4197 52
2062 4155 2115 4196 et
2141 4149 2181 4196 F
2202 4151 2317 4206 360,
2338 4152 2367 4194 5
2437 4158 2517 4193 re·

1456 4216 1683 4278 pentinae
1702 4216 1875 4265 credes
1900 4215 1950 4262 in
1985 4222 2256 4276 parentum
2278 4217 2370 4262 sut
2392 4208 2523 4260 libe.

1453 4295 1624 4330 rorum
1648 4280 1813 4329 sinum
1835 4280 1877 4328 F
1896 4277 2011 4339 343,
2036 4283 2062 4327 1

1519 4345 1732 4396 Pariter
1751 4359 1870 4396 cum
1884 4343 2003 4394 filiis
2012 4341 2268 4393 haeredem
2288 4337 2519 4391 institult
2606 4362 2614 4374 ·
