2984 4892
1197 427 1288 479 ΒΤ
1333 423 1710 481 cmvlcus.

282 626 293 635 ·
335 574 1187 704 ffflsszff’ssssnffizcfitzxgaffff
1206 574 1416 691 23¹¹&ss

353 704 610 755 obnoxiis.
630 719 802 755 rursus
840 704 1033 755 bellum
1072 705 1191 770 cepi
1230 705 1270 756 1²
1299 710 1415 769 814,

336 772 415 819 ,15
503 783 672 835 neque
732 771 922 821 sumtni
1001 784 1217 834 parcere
1292 771 1414 821 dnm

350 833 604 884 obnoxios
639 834 871 901 fidosque
910 835 1008 886 sibi
1046 835 1251 885 faceret
1287 836 1331 885 C
1355 840 1416 885 14

352 913 522 964 neque
567 899 764 951 delicto
804 915 976 965 neque
1012 899 1229 950 lubidini
1272 901 1316 951 C
1353 906 1418 951 62

352 964 442 1014 ille
477 964 728 1015 obnoxius
760 966 964 1031 qualem
1001 971 1056 1014 tu
1096 966 1235 1016 voles
1256 966 1418 1016 socie·

355 1036 519 1079 tatem
544 1030 767 1094 accipiet
790 1033 832 1081 F
854 1034 971 1093 812,
1001 1034 1061 1080 17

420 1094 754 1146 obscurabat
767 1097 963 1147 Coelurn
982 1095 1173 1146 nebula
1186 1095 1419 1160 sublima,

336 1161 455 1208 -&c.
480 1160 522 1209 F
545 1164 659 1223 800,
680 1166 712 1211 4
747 1161 946 1211 Coelum
969 1167 1125 1211 nocte
1148 1167 1305 1226 atque
1328 1176 1420 1211 nu-

355 1223 508 1274 bibus
531 1225 856 1277 obscuratum
877 1226 912 1278 J
937 1230 1001 1276 88
1035 1226 1182 1289 Vin-g.
1202 1226 1279 1276 iii.
1303 1227 1418 1276 AEu.

358 1293 423 1339 18
455 1289 735 1341 obscurant
757 1292 955 1341 aethera
977 1293 1159 1356 pennis
1179 1291 1267 1341 xii.
1302 1292 1418 1343 AEn.

335 1360 413 1404 -et
437 1355 582 1404 Luna
602 1356 949 1422 obscuratque
982 1372 1127 1407 auam
1162 1371 1258 1420 per
1277 1358 1422 1422 jussa

337 1419 565 1470 ‚silentia
586 1419 793 1471 famam.
825 1423 1018 1473 Lucan.
1057 1423 1127 1473 iv.
1161 1426 1278 1473 718.
1334 1422 1422 1472 ubi

356 1484 463 1534 Ma.
497 1485 705 1536 incaute
739 1502 805 1536 ex
831 1489 978 1537 hoste
1001 1487 1185 1537 videri.
1243 1486 1423 1537 Hexa-

339 1549 478 1614 pylo
502 1557 619 1614 post
643 1552 764 1601 solis
788 1567 1026 1602 occasum
1051 1552 1163 1616 jam
1202 1552 1423 1603 obscura

356 1615 471 1664 lnce
494 1615 688 1666 invecti
714 1618 828 1668 Liv.
852 1618 922 1669 iv,
955 1619 1021 1669 Β.
1058 1618 1195 1667 Ριιιι.
1245 1618 1326 1668 Ex
1348 1618 1423 1667 lu-

357 1678 537 1730 bidine
560 1683 724 1746 magis
746 1697 897 1749 qnam
927 1698 992 1733 ex
1028 1698 1153 1733 vero
1189 1683 1424 1733 celebrat

355 1745 704 1811 obscuratque
727 1749 773 1799 C
794 1752 844 1797 8.
884 1749 1060 1799 Plaut.
1077 1749 1222 1799 Tria.
1241 1749 1422 1799 obscu-

355 1810 496 1859 ravit
520 1820 702 1875 pectus
720 1820 863 1862 tuum
882 1828 1040 1863 amor.
1073 1813 1317 1863 obscurat
1333 1814 1420 1863 bo·

353 1889 536 1925 norem
570 1877 748 1927 Codex
782 1879 883 1928 Hs.
918 1878 1096 1928 Seduli
1129 1879 1219 1928 lib.
1245 1882 1293 1928 2.
1323 1880 1422 1943 §L

354 1939 459 2004 ipsi
480 1947 641 2007 atque
663 1943 811 2007 sigua
831 1943 1078 1993 militaria
1095 1943 1357 1994 obscurati
1387 1944 1424 1996 J

341 2008 423 2055 -49
479 2008 739 2057 sententia
776 2010 818 2058 F
852 2012 1051 2069 867,10
1102 2015 1255 2058 natus
1289 2009 1423 2058 band

359 2069 583 2122 obscuro
605 2073 722 2123 loco
754 2075 797 2124 C
816 2078 881 2124 28
937 2074 1216 2138 Pompeius
1248 2074 1424 2124 humili

355 2145 544 2250 :ligueL
539 2136 763 2214 obscuro
787 2140 899 2188 loco
922 2146 1073 2255 utatus
1089 2139 1264 2252 (ἐκέ.
1287 2140 1427 2254 lgler-

446 2235 459 2249 .
546 2217 613 2252 iv.
649 2217 841 2267 genere
880 2219 939 2253 or
966 2218 1040 2254 us.
1078 2218 1108 2251 v
1135 2238 1148 2253 .
1249 2239 1262 2252 .
1373 2220 1425 2255 n.

396 2266 450 2315 ui
487 2266 693 2317 demissi
725 2268 778 2318 in
812 2268 1028 2319 obscuro
1049 2269 1210 2319 vitam
1232 2268 1425 2320 babent

448 2336 510 2381 61
585 2332 629 2381 si
661 2334 715 2381 in
748 2340 898 2383 tanta
929 2334 1239 2397 scriptorum
1272 2333 1428 2384 turba

360 2411 476 2447 mea
499 2395 636 2447 fama
660 2398 712 2447 in
736 2398 960 2449 obscuro
1005 2400 1075 2450 sit
1116 2400 1229 2450 Liv.
1266 2400 1450 2454 etiam-

360 2467 473 2511 tum
496 2462 688 2513 lumine
704 2463 738 2515 J
759 2468 821 2515 21
857 2465 995 2529 quod
1013 2463 1315 2515 factu'band
1334 2464 1427 2514 ob-

349 2529 735 2644 καᾶἶῗὲἒιξξιιξ
758 2532 972 2658 {aigin
997 2595 1038 2644 F
1058 2598 1178 2657 m,
1222 2597 1281 2644 1³
1315 2594 1428 2658 regi

359 2671 459 2721 per
482 2657 812 2723 obsequelam
837 2660 1085 2710 orationis
1123 2674 1307 2724 graves
1342 2673 1428 2709 ca-

359 2722 804 2839 3302525‘2‘0
822 2724 1430 2856 Γηᾎέἒέἅιῗέἰᾛὲἷζ

361 2803 687 2917 pareatiqpar
718 2861 799 2904 est
885 2859 1001 2918 882,
1023 2860 1086 2905 10
1278 2804 1312 2854 q

428 2917 724 2969 Observare
765 2921 932 2984 legem
971 2927 1048 2983 et,
1085 2918 1348 2984 negligere
1385 2920 1430 2970 C

353 2986 424 3033 64
481 2982 547 3032 ad
571 2984 769 3036 Hercu.
791 2989 858 3035 29
911 2986 1168 3036 latronum
1191 2985 1332 3049 leges
1353 2984 1430 3034 di·

359 3053 552 3097 cuntur
591 3049 776 3114 quibus
813 3057 1051 3115 pareant,
1088 3065 1215 3116 quaa
1257 3049 1431 3099 obser-

362 3119 506 3164 vent.
528 3128 697 3178 neque
720 3114 868 3180 signa
890 3130 1060 3181 neque
1081 3114 1286 3164 ordinea
1307 3115 1342 3167 J
1365 3119 1428 3164 61

362 3176 641 3295 miii?
663 3180 697 3231 J
728 3185 792 3230 80
844 3180 1002 3231 colite
1041 3180 1318 3231 observate
1355 3187 1432 3230 ta·

284 3317 296 3330 ·
430 3307 666 3359 Obsessa
686 3317 767 3361 est
790 3309 915 3360 Asia
936 3310 1001 3360 ab
1025 3310 1152 3373 ipsis
1175 3310 1218 3359 Ρ
1236 3312 1352 3372 818,
1368 3312 1431 3358 17

360 3374 518 3425 armis
545 3381 738 3426 -teneor
773 3375 807 3426 J
846 3380 913 3425 24
959 3376 1167 3426 occulte
1189 3373 1435 3425 obsident

363 3445 578 3504 pontem
603 3440 646 3490 C
670 3446 732 3491 46
783 3442 994 3491 Lucret.
1018 3440 1135 3491 Lib.
1153 3441 1227 3490 iv.
1281 3438 1435 3490 Obsi·

362 3504 548 3569 ditque
572 3505 681 3556 vias
697 3506 986 3556 oculorum.
1011 3513 1087 3568 et,
1108 3505 1247 3555 alibi.
1269 3505 1436 3554 multa

362 3569 503 3619 enirn
547 3571 707 3621 verba
755 3570 896 3635 apud
953 3572 1192 3636 antiquos
1236 3570 1435 3635 duplici

353 3636 729 3700 conjugatione
769 3636 993 3699 pra’dita
1029 3638 1259 3701 legimus.
1299 3651 1349 3684 v.
1382 3649 1434 3699 g.

363 3700 548 3751 littora
567 3699 771 3752 fervere
793 3700 1010 3752 flammis
1050 3702 1199 3764 virg.
1224 3701 1338 3750 AEn.
1365 3701 1435 3760 iv,

361 3773 440 3828 et,
466 3766 676 3816 Lucret-
699 3767 764 3817 V.
802 3767 942 3832 apud
976 3767 1198 3817 eundem
1229 3764 1434 3830 fulgere

360 3845 477 3879 cnm
503 3830 654 3896 Caeli,
674 3835 771 3884 dte.
793 3833 887 3894 sic,
907 3832 1024 3882 rido
1045 3829 1222 3881 irrido.
1246 3844 1435 3894 oppor-

363 3901 493 3946 tuna
536 3897 653 3947 loca
697 3899 907 3948 armatis
949 3896 1239 3947 horninibus
1286 3896 1330 3944 C
1369 3899 1434 3944 27

362 3968 541 4026 portas
583 3963 616 4013 J
649 3967 711 4013 91
768 3963 990 4015 Januam
1014 3960 1280 4013 Ciceronis
1302 3960 1346 4010 C
1368 3963 1432 4011 48

432 4027 674 4078 Obsistat
699 4029 770 4078 vis
799 4030 836 4078 F
858 4032 976 4090 882,
1008 4032 1062 4077 17

355 4121 364 4128 ·
433 4091 632 4142 Obstat
656 4107 785 4143 unus
809 4093 876 4143 ab
899 4096 1031 4143 urbe
1055 4093 1192 4142 alter
1210 4107 1240 4141 a
1264 4089 1435 4142 Gallia

365 4156 412 4205 C
434 4161 499 4206 68
532 4172 634 4207 non
660 4159 836 4208 divina
867 4173 932 4208 ne
969 4173 1035 4208 ue
1069 4159 1289 4207 humana
1311 4157 1435 4221 quin

363 4221 575 4338 ἷιὲιιῑιιιιιῐ
595 4223 956 4339 εκείὲὶιιιιιφιει
992 4222 1336 4355 ή813,ἑζί(ῑιι
1354 4236 1437 4270 ce·

422 4301 681 4340 raeorum
739 4304 824 4341 mc
848 4304 938 4342 sce
959 4304 988 4340 e
1052 4304 1083 4340 o
1122 4304 1147 4339 s
1294 4302 1434 4338 uem-

2389 419 2552 485 cxix

1491 590 1561 642 pe
1599 591 1665 628 ne
1699 577 1753 628 in
1795 591 1883 627 eos
1912 583 2127 642 propter
2146 577 2247 629 boc
2272 577 2553 636 admissum

1492 642 1700 707 gravius
1721 641 1914 707 aliquid
1934 641 2220 709 statuatur)
2258 645 2302 694 C
2334 648 2398 694 62
2465 647 2554 697 ubi

1493 705 1858 758 confertissimi
1881 708 2193 759 obstiterant
2212 709 2247 761 J
2271 713 2337 759 98
2456 733 2464 744 ·

1559 771 1852 823 Obstinatis
1896 773 2079 823 animis
2123 773 2385 838 perditum
2430 781 2558 826 eunt

1494 837 1539 887 C
1562 842 1627 887 88
1679 836 1946 888 Adversus
1970 853 2085 903 φιτ.
2110 838 2275 888 omnia
2297 839 2557 892 obstinato

1495 903 1663 952 animo
1681 902 1885 968 Appius
1903 905 2071 968 (tanta
2092 904 2169 952 vis
2191 905 2452 964 amentiae,
2475 918 2562 956 ve-

1495 967 1808 1083 riuannlaim·
1840 967 2052 1084 arn-orig)
2075 977 2328 1084 ementem
2386 969 2559 1021 turba-

1497 1047 1587 1082 ver
1648 1068 1661 1083 .
1763 1048 1873 1083 vius
1892 1048 1945 1082 ιιι
2040 1069 2053 1083 .
2126 1070 2136 1082 .
2600 1045 2609 1052 ·

1562 1097 1819 1148 obtentui
1841 1070 1968 1148 mire
1980 1106 2098 1149 sunt
2119 1099 2257 1148 vitiis
2277 1113 2357 1147 res
2376 1111 2558 1150 secun·

1495 1162 1577 1214 dte
1601 1164 1643 1213 F
1665 1168 1781 1226 278,
1805 1167 1864 1214 14
1918 1164 2131 1214 Tabella
2172 1164 2410 1214 obtentui
2441 1165 2562 1228 erit,

1497 1242 1601 1343 guo
1619 1229 1781 1290 magis
1799 1228 1972 1279 animo
1989 1230 2155 1279 libero
2171 1227 2350 1279 facere
2368 1229 2561 1281 audeat

1562 1297 1877 1410 gfft'estatnr
1916 1359 2205 1423 lacrymans
2252 1366 2410 1437 atque
2455 1373 2563 1411 rno-

1495 1431 1589 1473 net
1611 1424 1645 1475 J
1668 1428 1735 1474 62
1756 1428 1813 1474 et
1832 1424 1867 1476 J
1890 1428 1950 1474 71
1993 1424 2152 1474 multa
2173 1424 2472 1475 Pomtinum
2496 1424 2562 1476 de

1497 1488 1666 1539 salute
1709 1503 1802 1537 sua
1841 1489 2135 1539 obtestatus
2176 1489 2221 1539 C
2258 1494 2320 1540 46
2374 1488 2564 1541 Jovern

1497 1553 1773 1603 maximum
1794 1553 1831 1605 J
1855 1558 1949 1603 107

1563 1618 1883 1669 obtinebam
1904 1625 2096 1669 statum
2129 1633 2256 1668 mea»
2291 1614 2564 1684 dignitatis

1498 1683 1545 1733 C
1565 1687 1627 1733 86
1682 1683 1749 1733 ad
1787 1684 2095 1734 obtinendas
2131 1684 2408 1748 Hispanias
2435 1685 2478 1735 C
2500 1687 2566 1734 18

1498 1748 1767 1798 obtinendi
1816 1749 2019 1813 imperii
2059 1755 2263 1813 tempus
2307 1749 2565 1800 excedere

1495 1814 1674 1864 Valer.
1694 1829 1747 1878 ν,
1768 1817 1832 1864 48
1887 1814 1974 1864 ubi
1998 1813 2102 1864 Hs.
2124 1829 2238 1877 pm,
2262 1813 2469 1876 ductus,
2490 1814 2563 1863 in·

1501 1878 1708 1930 ductus.
1761 1879 1930 1932 Quem
1963 1880 2135 1929 locum
2158 1879 2209 1928 in
2235 1880 2328 1928 liae
2350 1879 2567 1932 civitate

1501 1945 1672 2004 Fau,
1695 1948 1758 1994 14
1816 1944 1885 1994 ab
1907 1959 1972 1993 ea
1992 1943 2132 1994 fama
2155 1959 2270 2009 quae
2332 1944 2379 1993 le
2499 1958 2565 1995 ue

1500 2009 1705 2059 obtinet
1725 2009 1983 2060 diversum
2007 2010 2041 2061 J
2062 2013 2125 2059 17
2197 2008 2291 2059 obt
2315 2016 2404 2059 oet
2424 2023 2494 2059 nu
2516 2008 2569 2058 la

1500 2089 1595 2140 pro
1611 2074 1753 2125 socia
1768 2075 1802 2126 J
1825 2079 1890 2125 82
1926 2088 2134 2138 reguum
2155 2074 2193 2125 J
2210 2080 2239 2123 6

1565 2139 2029 2190 obtruncabantur
2074 2140 2190 2189 vice
2234 2152 2479 2204 pecorum
2524 2137 2568 2188 F

1499 2208 1799 2320 mgblveenit
1821 2269 1977 2319 Italia
2005 2269 2237 2334 Scipioni
2268 2269 2304 2321 J
2336 2272 2401 2318 27
2491 2281 2570 2332 ro,

1502 2336 1691 2450 sco'mg,
1714 2334 2132 2451 οοιιῑίὃςςιῖῖέἰο
2153 2335 2435 2401 loquuntur
2451 2283 2567 2383 ἱίν.

1549 2414 1612 2449 ic„
1686 2414 1818 2450 arro.
1906 2415 1993 2448 ιιιιι
2023 2416 2037 2449 ι
2081 2415 2221 2449 anus.

1568 2465 1792 2517 Obviam
1815 2465 1890 2514 ire
1911 2464 2142 2515 hostibus
2160 2465 2202 2515 C
2221 2469 2255 2515 6
2286 2477 2570 2529 properare

1503 2531 1641 2580 malo
1679 2538 1735 2581 et
1774 2531 1851 2580 ire
1888 2530 2179 2580 sententiis.
2218 2531 2409 2594 Dictys
2432 2529 2467 2589 i,
2489 2532 2571 2591 19,

1502 2599 1556 2655 2,
1581 2599 1606 2644 1
1643 2595 1900 2660 superbiae
1917 2595 2204 2645 nobilitatis
2221 2594 2425 2644 obviam
2441 2593 2572 2644 itum

1503 2666 1587 2709 est
1625 2660 1660 2712 J
1698 2667 1728 2710 6
1785 2660 2032 2724 periculis
2069 2661 2104 2713 J
2138 2664 2167 2708 7
2226 2659 2424 2718 iniuriae
2447 2658 2481 2709 J
2509 2661 2570 2709 1⁴

1505 2725 1693 2774 sceleri
1729 2724 1766 2776 J
1805 2728 1870 2774 22
1925 2721 2167 2774 factionis
2230 2723 2443 2772 otentiae
2467 2721 2574 2771 aui·

1509 2803 1622 2839 mus
1638 2789 1833 2854 subigit
1850 2789 1885 2841 J
1904 2792 1966 2837 81
2023 2789 2195 2839 Gracc
2234 2802 2379 2836 orum
2414 2786 2575 2838 actio·

1505 2853 1656 2903 nibus
1678 2854 1710 2906 J
1731 2859 1796 2904 42
1829 2853 2185 2917 procedebant
2207 2866 2273 2901 ex
2295 2852 2434 2915 agris
2454 2851 2488 2903 J
2505 2855 2572 2902 48

1504 2918 1607 2969 illis
1628 2919 1855 2968 simulet
1888 2918 2131 2982 praesidio
2166 2917 2372 2966 missum
2406 2917 2442 2969 J
2478 2920 2573 2967 100

1506 2983 1761 3047 agendum
1800 2990 1855 3034 at
1890 2997 1955 3032 ue
1990 2983 2194 3033 obviam
2232 2982 2460 3032 eundum
2492 2987 2577 3032 est

1507 3049 1550 3098 F
1582 3052 1699 3111 276,
1735 3053 1800 3098 20
1840 3064 1871 3098 o
1912 3046 1981 3096 vii
2002 3047 2213 3098 fuerant
2232 3047 2466 3097 hostibus
2487 3045 2575 3096 fir·

1506 3113 1754 3163 mioribns
1796 3113 1977 3163 animis
2021 3113 2055 3165 J
2094 3118 2159 3163 60
2277 3112 2577 3177 procedunt

1509 3176 2575 3309 331322232232228?⁷3³3J521¹2iss

1511 3308 1622 3358 vius
1644 3309 1855 3359 honoris
1875 3321 2033 3359 eausa
2052 3310 2087 3362 J
2112 3312 2206 3358 118

1576 3372 1951 3424 Occanuernnt
1974 3374 2266 3424 cornicines
2298 3373 2340 3422 F
2370 3377 2490 3436 287,
2511 3376 2577 3423 10

1512 3438 1606 3500 sic,
1628 3438 1846 3489 Tacitus
1868 3439 1922 3489 ii.
1972 3453 2228 3490 occanere
2251 3453 2466 3490 cornua.
2488 3453 2577 3488 ve·

1512 3510 1648 3554 teres
1671 3505 1810 3554 enim
1831 3520 1974 3569 saepe
1997 3511 2151 3569 praet.
2174 3520 2205 3554 a
2224 3503 2470 3568 praesenti
2488 3502 2579 3552 de·

1510 3569 1701 3620 ducere
1726 3570 1976 3647 solebant.
2016 3577 2093 3631 ut,
2116 3570 2249 3622 Quae
2275 3570 2340 3618 ad
2361 3566 2579 3644 haerefii-

1508 3631 2579 3750 {22221532‘2222332‘232222{zssffiff‘bhm'zz

1509 3765 1577 3815 de
1604 3765 1666 3815 B.
1704 3765 1883 3816 Carth.
1913 3779 2062 3814 aures
2082 3764 2229 3814 nobis
2249 3763 2581 3813 calliscerunt

1510 3830 1577 3880 ad
1616 3830 1848 3894 injurias.
1887 3830 1962 3880 sic
2000 3829 2141 3894 apud
2182 3829 2486 3879 Ciceronem
2510 3829 2580 3879 de

1512 3895 1739 3959 Legibus
1777 3895 1831 3945 ii.
1869 3895 2095 3959 cleperit
2131 3909 2197 3943 ne
2232 3894 2421 3958 legerit
2461 3907 2580 3943 auc·

1510 3963 1792 4010 toritatem.
1827 3959 1960 4010 AEm.
1983 3961 2186 4010 Macer.
2256 3959 2394 4009 nnal.
2420 3963 2500 4011 16.
2523 3964 2581 4009 et

1509 4024 1647 4090 apud
1685 4025 1798 4075 Cic.
1835 4025 1970 4075 Phil.
2012 4029 2092 4077 18.
2139 4025 2267 4077 Siui.
2304 4023 2444 4089 apud
2480 4024 2579 4075 Te·

1506 4098 1645 4140 rent.
1670 4088 1837 4140 Andr.

1574 4156 1950 4206 Occasionem:
1985 4169 2241 4223 nunquam
2268 4154 2363 4221 ipsi
2384 4169 2480 4219 per
2494 4167 2583 4205 oc-

1508 4222 1765 4271 casionem
1790 4220 1911 4270 talia
1932 4219 2108 4271 fecere
2133 4221 2175 4271 C
2198 4226 2260 4272 61
2309 4218 2578 4287 pugnandi

1506 4283 1741 4338 hostibus
1765 4301 1868 4339 non
1891 4286 2017 4339 dare
2039 4287 2083 4346 C
2103 4291 2169 4338 60
2622 4287 2634 4297 ’
