2984 4892
437 363 575 431 444

504 523 702 575 ΗΜ
720 523 932 574 mos
951 520 1190 585 videbam]
1275 519 1364 571 Ita
1394 518 1507 569 sese

1134 374 1354 427 No'rss
1402 372 1746 422 vamoku
1759 372 1811 420 M
1863 370 1942 421 m

1579 518 1804 568 Manen.
1821 519 2012 568 Τιτιιι.
2036 516 2269 567 Οιοιιιο.
2293 512 2657 565 Er.'1'v.'1'=n-

436 603 491 652 iu
511 602 906 664 recentioribus,
919 609 972 650 et
998 600 1050 650 in
1068 597 1508 662 Merseburgensi‚
1578 609 1691 645 τιΛ.
1721 593 2001 644 Αιιτοιιιᾼ.
2030 593 2212 643 Have.
2234 599 2319 641 et:
2345 592 2579 644 jusus.
2597 588 2656 640 8.

440 680 744 746 quibuscum
764 677 893 729 facit
917 677 1140 726 Felicins
1162 675 1505 726 Durantinus.

437 755 544 806 Sed
585 755 806 806 Fabricii
840 753 1006 803 codex
1032 753 1208 811 habet,
1249 751 1508 801 consenti-

439 832 644 882 entibus
682 831 1048 895 manuscriptis
1084 829 1304 887 duobus,
1339 827 1511 875 bonon

439 908 725 968 matos,
747 921 844 969 pro
854 907 1099 955 decoratos
1117 908 1166 953 et
1181 901 1509 967 amplificatos,

439 997 538 1034 nec
552 990 635 1033 est
652 983 701 1031 in
720 981 984 1046 impressis
1002 979 1306 1044 quibusdum
1330 991 1507 1027 secus:

438 1074 618 1110 verum
641 1060 740 1108 hoc
764 1057 975 1107 lectoris
1007 1055 1228 1120 judicio,
1250 1062 1310 1104 ut
1331 1061 1387 1104 et
1410 1053 1512 1104 alia

440 1135 555 1187 fere
578 1135 945 1200 permittimus.
1012 1132 1199 1182 fficiam.

506 1211 703 1261 Honore
718 1208 955 1272 honam]
998 1208 1122 1259 Est
1110 1222 1162 1255 m
1181 1207 1382 1258 cunctis
1398 1205 1512 1256 fere

443 1301 562 1353 quie
584 1286 698 1350 ipse
721 1285 941 1333 viderim
964 1283 1372 1347 exemplaribus.-
1408 1284 1512 1332 Hs-

440 1379 556 1415 nsrs
577 1364 858 1413 humatos.
924 1362 1054 1422 Nos,
1087 1362 1259 1411 honore
1281 1362 1512 1423 honestos,

440 1439 770 1505 scripsimus:
807 1437 964 1501 idque
990 1438 1205 1502 antiquo
1242 1452 1383 1487 more
1405 1436 1513 1486 dic-

444 1524 572 1570 tum.
595 1517 769 1568 Plaut.
803 1518 856 1565 iu
876 1516 1142 1580 Captivis:
1165 1516 1182 1545 ‘
1200 1516 1304 1569 Qui
1327 1530 1409 1564 me
1427 1515 1515 1565 ho·

442 1611 573 1647 nore
592 1595 933 1646 honestiorem
957 1608 1163 1658 semper
1182 1592 1309 1643 fecit
1347 1598 1404 1642 et
1438 1591 1512 1641 fa·

445 1672 554 1724 cit-²
634 1671 919 1722 Confirmat
959 1676 1014 1719 et
1054 1671 1187 1743 hanc
1232 1669 1513 1719 lectionem

442 1748 666 1800 Felicius
708 1748 1052 1798 Dnrsntinus.
1119 1748 1370 1800 Quamvis
1408 1760 1514 1796 non

442 1843 631 1892 negem
652 1829 824 1878 honore
844 1829 1128 1889 Ιιοιιειιαίος,
1152 1828 1419 1892 eleganter
1451 1820 1515 1876 a'c

449 1905 638 1956 Latine
661 1905 783 1954 dici.
851 1905 1040 1954 Cicero
1070 1905 1123 1953 in
1159 1903 1394 1953 oratione
1417 1917 1516 1967 pro

447 1983 602 2034 domo
624 1998 744 2033 sna:
771 1983 788 2010 ‘
812 1983 1004 2032 Tamen
1028 1982 1126 2042 ne,’
1151 1982 1337 2046 inquit,
1359 1980 1376 2009 ‘
1395 1995 1515 2030 eum

444 2068 539 2110 tua
552 2074 682 2111 voce
702 2059 937 2121 violabis,
956 2072 1105 2123 quem
1125 2064 1241 2122 post
1259 2055 1516 2106 nefarium

442 2135 611 2185 scelus
635 2135 901 2185 consulum
925 2134 1248 2198 superiorum
1266 2139 1348 2182 tot
1369 2131 1517 2181 vides

436 2210 649 2276 judiciis
687 2211 910 2260 Senatus
948 2211 1013 2260 P.
1039 2211 1106 2261 R.
1147 2211 1309 2261 totius
1345 2210 1517 2259 Italia

445 2286 812 2339 honestatum!
882 2287 1075 2350 popm.

511 2364 707 2414 Honore
725 2363 938 2412 mastos
959 2363 1191 2428 videbam]
1238 2363 1364 2413 Mss.
1408 2377 1515 2413 orn-

443 2454 535 2491 nes
556 2440 809 2504 editique,
826 2440 998 2489 honore
1012 2440 1294 2489 Ιιοπειιαεοι.
1329 2441 1516 2506 Itaque

446 2517 504 2568 id
541 2516 714 2567 forsan
739 2517 1117 2578 revocandum
1154 2518 1386 2583 quamvis
1408 2524 1518 2567 stet

447 2610 546 2660 pro
579 2595 699 2659 ulio,
723 2595 862 2644 Rivii
886 2595 1335 2660 merseburgensis
1374 2602 1516 2646 notae

442 2672 655 2723 minime
676 2672 933 2736 protritae.
1001 2672 1254 2722 Gruterus.
1490 2700 1504 2709 -

458 2780 465 2791 ·
507 2750 631 2815 Spa
646 2750 907 2813 dignitatis
940 2751 1293 2814 conservanda]
1345 2750 1517 2815 Oppi·

445 2826 515 2876 do
536 2826 786 2877 obscurus
802 2825 887 2874 hic
904 2832 986 2875 est
1009 2840 1222 2875 seusus:
1248 2827 1518 2876 Commen-

447 2903 706 2954 tatoribus
741 2912 915 2954 autem
955 2901 1140 2953 facilis.
1210 2903 1517 2953 Ciceronem

445 2981 624 3032 hercle
648 2981 983 3030 veliementer
1016 2986 1167 3029 notat
1200 2979 1428 3029 Catilina
1449 2979 1518 3028 de

447 3055 577 3106 falsa
609 3057 971 3106 criminatIone
1012 3057 1081 3106 ad
1120 3056 1400 3121 Populum,
1423 3070 1519 3120 per

449 3147 604 3199 quam
619 3133 783 3183 videri
798 3133 910 3184 vult
928 3134 1186 3197 repulsam
1203 3147 1399 3196 passus,
1415 3147 1520 3182 non

449 3207 767 3261 conscientia
804 3207 874 3257 de
911 3209 1085 3271 culpa,
1109 3214 1167 3256 nt
1208 3209 1358 3271 paulo
1396 3216 1519 3263 ante

445 3284 560 3348 ipse
581 3284 827 3348 loquitur.
891 3284 1033 3345 Ergo
1058 3284 1321 3334 innocenti
1343 3284 1441 3334 sibi
1462 3285 1518 3334 id

450 3358 516 3410 ab
532 3358 742 3408 inimico
756 3356 951 3407 factum
964 3360 1148 3408 Catulo
1167 3360 1520 3424 conqueritur,

448 3451 515 3487 sa
552 3450 665 3500 spe,
687 3434 732 3484 si
766 3434 971 3499 quondo
1013 3436 1234 3500 populus
1273 3437 1521 3489 resciscet

448 3527 513 3564 ea
555 3513 821 3562 innocenti
864 3510 1029 3574 facts,
1070 3514 1409 3565 restituturus
1448 3516 1520 3565 sit

448 3591 637 3643 eumin
660 3591 942 3656 integrum.
983 3593 1103 3644 Hoc
1130 3593 1288 3657 igitur
1309 3595 1519 3645 nomine

448 3670 693 3720 honestas
714 3683 835 3731 spes
859 3678 1069 3719 secutus
1085 3684 1217 3732 sum,
1233 3669 1420 3735 inquit,
1439 3685 1519 3720 re-

448 3747 607 3813 liqna
627 3748 892 3813 dignitatis
908 3746 1290 3797 conservandae.
1341 3746 1484 3798 Glar-

515 3824 731 3890 Haveto]
764 3826 959 3876 Omnes
978 3824 1194 3889 antiqui,
1211 3832 1268 3874 et
1282 3823 1520 3887 impressi

451 3902 679 3965 codices,
710 3904 865 3953 Arcto
908 3902 1117 3952 habent.
1183 3902 1296 3964 Ego
1338 3899 1518 3950 invitis

445 3979 613 4040 libris,
635 3981 887 4042 omuibus,
908 3981 1098 4029 Havete
1114 3978 1324 4041 scripsit
1358 3985 1519 4043 atque

448 4058 560 4121 ejus
597 4058 898 4122 scripturae,
938 4072 1057 4107 cum
1096 4055 1259 4104 multa
1279 4061 1335 4104 et
1354 4053 1518 4105 maui-

441 4132 581 4185 fasta
604 4143 787 4184 vetera
814 4139 1151 4184 monumenta
1173 4129 1382 4180 adferre
1405 4146 1520 4195 pos-

449 4211 564 4273 sim,
603 4225 790 4275 pauca,
812 4225 930 4277 quan
970 4217 1093 4260 sunt
1113 4208 1518 4259 eminentissima

448 4301 754 4352 proponam,
775 4296 831 4337 et
848 4288 1069 4352 primum
1086 4284 1216 4336 illud
1233 4283 1519 4349 Ciceronis,

446 4362 583 4431 quod
638 4362 693 4415 in
739 4363 994 4416 zacintho
1048 4372 1231 4415 extare
1284 4362 1514 4415 dicitur:

1583 670 1647 719 P.
1690 671 1747 722 F.
1791 670 2029 719 'ruarm-
2079 670 2267 720 Have.
2296 670 2494 719 Tuus.
2533 667 2654 716 Du.

1580 750 1724 798 Τιιιι.
1767 748 1943 797 Bene.
1985 748 2252 796 Factum.
2319 746 2417 794 Est
2456 749 2512 793 et
2551 742 2655 792 aliu

1585 823 1821 888 quiedam
1854 822 2125 887 inscriptio
2159 830 2327 879 vetus,
2366 819 2419 868 id
2455 818 2655 884 liquido

1583 899 1943 948 demonstrans
1959 900 2038 948 his
2053 897 2251 948 verbis:
2277 898 2421 946 lust.
2432 896 2657 945 Tncun.

1583 978 1763 1027 Nunc.
1783 978 2033 1029 Loouon.
2055 977 2238 1026 Have.
2263 976 2488 1025 lou-nn.
2505 974 2656 1024 Mn.

1583 1058 1920 1108 ΗΑυιιιΑιιΑ.
1987 1058 2188 1121 Papam.

1649 1134 1784 1184 cn.
1797 1137 1862 1182 86
1873 1135 2077 1197 ApudC.
2092 1133 2381 1182 flaminium
2395 1131 2658 1182 Ham

1583 1211 1788 1273 tangre,
1824 1211 1931 1275 ξω]
1980 1211 2149 1261 Ausus
2171 1224 2284 1260 sum
2302 1210 2501 1260 facinus
2535 1208 2658 1258 mali

1585 1289 1828 1351 exempli,
1841 1288 1988 1337 unius
2005 1288 2162 1337 soiius
2178 1286 2449 1337 Nazariani
2462 1284 2656 1336 codicis

1584 1364 1689 1415 fide
1713 1365 2014 1414 introducta
2037 1378 2166 1414 voce
2197 1377 2363 1413 nova·
2401 1362 2491 1412 sed
2516 1362 2654 1411 enim

1586 1455 1702 1491 cum
1725 1441 1767 1490 is
1787 1441 1856 1491 sit
1878 1439 2203 1506 antiquitatis
2225 1439 2442 1499 nltimae,
2463 1446 2518 1488 et
2549 1453 2656 1488 om-

1585 1518 1736 1568 nibns
1770 1518 1940 1569 literis
1978 1517 2031 1569 id
2071 1523 2300 1580 tueatur,
2336 1531 2435 1566 nec
2469 1517 2656 1579 solum,

1586 1595 1678 1644 sed
1726 1595 1995 1659 adpictum
2040 1594 2231 1650 habeat
2274 1594 2509 1658 margini,
2537 1594 2662 1643 dias

1587 1672 1829 1732 Flaccum,
1871 1672 2021 1722 nefas
2057 1672 2237 1735 putavi
2258 1670 2509 1735 derogare
2544 1683 2659 1719 aevo

1586 1757 1692 1801 tam
1717 1750 1917 1815 prisco·
1905 1786 1918 1799 .
1956 1749 2248 1815 presertim
2270 1764 2387 1799 cum
2422 1762 2659 1798 necessa-

1588 1829 1667 1878 rio
1703 1829 2004 1894 requiratur
2035 1829 2118 1877 iiic
2153 1842 2339 1877 nomen
2364 1827 2591 1886 tertium,
2613 1824 2659 1874 si

1588 1906 1894 1956 distinctum
1927 1905 2153 1955 voluerit
2191 1905 2328 1953 hunc
2350 1902 2659 1953 Flaminium

1588 1999 1618 2034 a
1640 1983 1779 2032 mille
1816 1983 1948 2032 aliis.
2019 1982 2279 2032 Pinum
2301 1981 2441 2031 inter
2470 1993 2662 2043 cogno-

1588 2059 1749 2121 mina,
1772 2058 1899 2111 satis
1922 2064 2103 2108 notum
2122 2072 2189 2107 ex
2206 2052 2664 2121 inscriptionibus,

1589 2142 1644 2185 et
1666 2135 1934 2186 Historiis.
2006 2134 2259 2183 Gruterus.

1656 2211 1717 2260 Ιιι
1753 2226 1873 2274 agro
1911 2208 2137 2272 Rectius]
2191 2209 2254 2258 Iu
2287 2206 2550 2257 nonnullis
2586 2205 2662 2255 le·

1591 2290 1759 2355 gitur:
1811 2289 1871 2339 Ia
1892 2303 2012 2350 agro
2035 2287 2271 2344 Aretiaos
2317 2299 2473 2351 quam
2495 2284 2662 2347 scrip·

1593 2374 1758 2416 turam
1783 2376 1836 2415 et
1852 2364 2161 2415 Vincentius
2182 2363 2511 2414 Castiioneus
2529 2376 2584 2412 se
2607 2361 2661 2409 in

1595 2443 1700 2493 suis
1736 2443 1935 2507 aliquot
1973 2441 2199 2505 antiquis
2243 2439 2466 2489 codicib.
2513 2451 2663 2502 repe·

1591 2520 1719 2569 risse
1737 2525 1976 2570 testatur.
2026 2518 2136 2567 Nos
2161 2516 2370 2565 interim
2393 2514 2659 2580 vulgatam

1590 2598 1869 2647 lectionem
1891 2595 2195 2646 retinemus.
2262 2593 2464 2656 Populo.

1657 2675 1790 2724 Dm
1810 2672 2055 2722 civitatens
2085 2676 2229 2721 antea
2263 2669 2550 2719 ιοὶὶοἰεαίωιι
2581 2683 2662 2718 sr-

1590 2753 1682 2801 m's
1704 2750 1924 2815 exomni]
1989 2749 2212 2800 Codices
2251 2748 2304 2797 in
2337 2746 2664 2812 pergamenis

1594 2826 1863 2891 descripti,
1878 2828 1990 2876 dm
2012 2824 2332 2875 eicinitoetm:
2353 2822 2572 2885 iiind‚ob
2593 2836 2666 2885 so,

1593 2907 1732 2971 quod
1757 2905 2042 2970 Gymnicus
2065 2903 2243 2965 habet,
2264 2917 2367 2953 non
2401 2901 2666 2966 reperitur

1593 2981 1643 3030 in
1678 2980 2140 3044 manuscriptisstc
2160 2994 2226 3028 ne
2259 2979 2313 3029 in
2346 2979 2525 3030 codice
2547 2979 2664 3043 qui·

1595 3060 1711 3109 dem
1737 3059 2070 3109 Berosidino.
2144 3059 2335 3109 Βίοὶιιι.

1662 3140 1786 3187 Cum
1814 3137 1926 3185 aliis
1944 3136 2135 3200 imperii
2157 3135 2444 3200 insignibus]
2497 3135 2666 3201 Insig-

1593 3212 1679 3263 nia
1709 3212 1975 3277 praecipue
2011 3213 2294 3263 Consulum
2325 3212 2476 3263 fuere
2494 3213 2665 3263 veteri

1595 3291 1731 3354 Rep.
1753 3289 1921 3340 fasces
1943 3289 2215 3340 duodecim
2238 3305 2354 3339 cum
2373 3290 2666 3352 lictoribus,

1592 3369 1721 3418 sella
1760 3367 1967 3431 curulis,
2011 3374 2270 3433 praetexta
2311 3374 2453 3431 toga,
2496 3379 2666 3431 eaque

1594 3443 1732 3493 domi
1771 3449 1979 3507 sumpta
2002 3443 2172 3508 primo
2204 3441 2539 3506 magistratus
2578 3441 2666 3491 die

1595 3525 1718 3569 ante
1742 3520 1886 3568 Deos
1909 3518 2134 3569 Penates
2156 3518 2361 3585 (Livius
2379 3517 2417 3569 1.
2440 3529 2587 3567 1111.
2612 3517 2667 3567 in

1594 3595 1710 3660 fin.)
1754 3595 1922 3660 scipio
1966 3593 2226 3645 eburneus
2265 3594 2318 3644 in
2363 3607 2518 3643 mann
2553 3593 2665 3644 sive

1594 3681 1881 3736 sceptrum.
1949 3672 2036 3721 De
2080 3686 2184 3736 quo
2223 3671 2454 3736 scipione
2498 3671 2665 3720 minna

1596 3751 1803 3816 quidem
1846 3750 2058 3814 vulgata
2102 3764 2206 3813 res,
2244 3750 2443 3812 magnis
2488 3756 2663 3798 tamen

1592 3825 1890 3876 auctoribus
1930 3824 2055 3874 mihi
2093 3832 2255 3874 certa.
2324 3825 2410 3874 De
2450 3838 2554 3889 quo
2589 3823 2666 3873 lo·

1594 3902 1770 3968 quitur
1808 3902 2094 3966 Dionysius
2142 3901 2592 3952 Halicarnasseus
2626 3903 2666 3953 1.

1594 3992 1680 4029 ιιι.
1761 3980 1848 4028 De
1899 3977 2118 4042 Papyrii
2170 3991 2373 4042 quoque
2431 3977 2666 4042 scipione

1593 4056 1826 4107 eburneo
1850 4057 2085 4120 loquitur
2103 4055 2282 4104 Livius
2315 4055 2353 4104 l.
2375 4067 2464 4104 m.
2485 4062 2544 4104 et
2561 4055 2670 4106 Va-

1591 4133 1749 4183 lerius
1774 4133 1918 4182 Max.
1936 4131 2005 4182 de
2020 4130 2208 4196 priscis
2223 4130 2369 4182 Coss.
2393 4131 2429 4179 l.
2445 4143 2530 4181 ιν.
2547 4144 2599 4180 c.
2613 4135 2663 4183 4.

1592 4208 1782 4274 inquit,
1799 4209 1816 4235 ‘
1840 4223 1939 4259 nec
1977 4209 2055 4259 eis
2076 4207 2179 4258 fuit
2200 4207 2398 4269 rubori,
2431 4205 2664 4258 eburneo

1593 4285 1825 4349 scipione
1869 4285 2128 4349 deposito,
2167 4291 2431 4348 agrestem
2474 4283 2663 4334 stivam

1592 4363 1752 4417 aratri
1774 4360 2051 4429 repetere?
2118 4361 2254 4427 upa.
