2984 4892
552 332 685 402 400

551 490 746 543 sinum!
783 487 907 556 fuga
928 488 1219 553 mulierum,
1238 495 1299 541 et
1316 504 1616 554 puerorum,

551 567 776 618 vastatio
820 566 1110 616 domorum!
1157 564 1298 615 Ante
1336 572 1541 631 partam
1585 581 1618 615 a

551 649 607 693 te
630 641 917 704 victoriam,
940 640 1111 690 omnia
1133 654 1289 705 saeva,
1324 646 1481 705 atque
1500 655 1615 690 cru-

549 718 686 771 delia
707 718 894 770 erant!
961 718 1031 768 Et
1060 719 1242 768 Florus
1274 732 1360 769 m.
1384 723 1465 768 21.
1513 719 1615 768 Lu-

550 808 709 847 canus
733 797 768 845 l.
787 809 846 846 11.
865 795 987 845 bell.
1002 794 1152 845 Civil.
1169 796 1184 822 ‘
1205 796 1345 848 Quid
1367 794 1615 859 sanguiue

547 888 726 924 manes
760 874 1004 923 Placatos
1039 873 1212 923 Catuli
1248 871 1497 922 referum?
1531 872 1613 921 cui

548 949 766 1000 victima
806 949 984 999 tristes
1017 948 1241 999 Inferias
1270 949 1486 1011 Marius,
1509 948 1612 999 for-

548 1041 642 1077 san
666 1027 961 1078 uolentibus
983 1026 1194 1077 Umbris
1218 1028 1443 1089 Pendet,
1466 1027 1611 1077 inex-

549 1106 694 1169 pleto
717 1120 820 1155 non
859 1101 1019 1154 fanda
1057 1103 1262 1167 piacula
1296 1103 1482 1165 busto‚'
1513 1106 1609 1153 δίο.

546 1180 617 1231 Et
640 1181 960 1246 aliquantulo
986 1192 1102 1244 post
1133 1181 1440 1229 Senatorum
1464 1179 1611 1230 nobi-

543 1256 668 1307 lium
689 1256 982 1321 civiumque
1002 1255 1170 1306 caedes
1190 1256 1480 1305 concludit:
1499 1257 1515 1284 ⁶
1536 1256 1611 1305 Ut

546 1333 716 1383 scelus
762 1333 859 1384 boc
897 1333 1053 1383 Suuae
1094 1333 1370 1397 caedesque
1406 1340 1611 1383 ostensa

543 1412 801 1475 placeret,
837 1409 1212 1475 Agnoscendus
1250 1417 1382 1460 erat.
1461 1411 1611 1460 vidit

548 1486 756 1537 fortuna
828 1488 1038 1537 colonos
1101 1485 1430 1536 Praenestina
1491 1501 1608 1535 suos

546 1571 762 1614 cunctos
813 1563 964 1614 simul
1010 1578 1131 1613 ense
1178 1563 1388 1625 recisos,
1441 1561 1609 1612 Unius

542 1641 795 1705 populum
816 1649 1120 1705 pereuntem
1154 1645 1388 1703 tempore
1411 1639 1609 1690 mortis.

543 1715 692 1767 Tunc
727 1714 821 1767 flos
869 1717 1160 1781 Hesperiae,
1195 1716 1330 1767 Latii
1357 1717 1468 1781 jam
1501 1715 1610 1766 sola

533 1790 780 1857 juventus
801 1793 1064 1859 Concidit,
1085 1801 1141 1843 et
1164 1793 1363 1843 miserae
1388 1793 1608 1843 macula-

543 1869 618 1919 vit
636 1870 789 1921 ovilia
809 1869 1025 1921 Romae!

609 1944 893 1996 Exercitum
946 1963 1079 2010 quem
1120 1946 1171 1996 in
1218 1948 1340 1997 Asia
1389 1948 1607 1999 ductave-

540 2023 644 2086 rat]
692 2023 752 2072 lu
770 2022 941 2074 Asiam
971 2023 1131 2074 habet
1170 2023 1300 2074 liber
1344 2039 1509 2087 meus,
1548 2032 1607 2075 ut

542 2099 709 2150 iufra:
766 2101 781 2127 ‘
806 2101 910 2151 Sed
954 2102 997 2151 is
1033 2099 1156 2151 Piso
1188 2102 1242 2151 in
1286 2102 1606 2165 provinciam

541 2178 642 2227 iter
669 2175 905 2228 faciens!
972 2177 1108 2228 Vide
1150 2177 1215 2227 ad
1257 2179 1394 2229 hunc
1436 2179 1605 2229 locum

545 2252 745 2303 Livium
790 2254 827 2305 l.
870 2267 1070 2305 xxxix.
1115 2253 1131 2281 ⁶
1171 2255 1413 2305 Luxuriae
1461 2270 1607 2319 pere·

542 2332 702 2394 grinae
727 2330 866 2394 origo
888 2330 953 2379 ab
977 2329 1211 2381 exercitu
1252 2330 1489 2383 Asiatico
1529 2332 1604 2381 in-

540 2415 697 2457 vecta
718 2408 770 2456 in
794 2407 975 2458 urbem
999 2415 1083 2458 est
1101 2425 1113 2457 :
1134 2409 1171 2457 ii
1196 2408 1416 2473 primum
1440 2409 1605 2458 lectos

541 2492 745 2549 aeratos,
765 2491 963 2536 vestem
996 2487 1277 2550 stragulam
1302 2485 1603 2550 pretiosam,

538 2563 788 2627 plagulas,
814 2571 868 2614 et
907 2562 1006 2614 alia
1029 2564 1253 2624 textilia,
1277 2570 1332 2615 et
1356 2578 1468 2628 quae
1494 2570 1604 2615 tum

537 2639 824 2704 magnificae
848 2640 1224 2705 suppellectilis
1264 2640 1604 2705 habebantur,

536 2716 862 2782 monopodia,
884 2724 939 2767 et
958 2718 1146 2767 abacos
1175 2718 1388 2768 Romam
1412 2719 1602 2768 advex-

537 2784 733 2844 erunt(
772 2794 913 2843 Tunc
948 2794 1178 2858 psaltriae
1205 2792 1602 2845 sambucistriae·

536 2883 638 2934 que
661 2876 716 2918 ct
749 2869 1038 2920 convivalia
1073 2868 1335 2920 ludiouum
1373 2871 1603 2921 oblecta-

535 2952 711 2995 menta
731 2944 908 2996 addita
943 2946 1125 3010 epulis.
1191 2946 1373 3010 Epulae
1399 2960 1602 3011 quoque

535 3021 661 3086 ipsae
686 3029 739 3072 ct
763 3037 889 3073 cura
907 3030 962 3073 et
977 3029 1146 3073 sumtu
1170 3022 1364 3087 majore
1383 3037 1601 3088 appara·

531 3097 574 3147 ri
591 3105 793 3163 coeptae.
823 3099 958 3149 Tum
974 3114 1188 3165 coquus,
1204 3100 1499 3151 vilissimum
1515 3116 1601 3151 an·

535 3173 692 3240 tiquis
716 3175 1049 3240 mancipium,
1086 3184 1143 3227 et
1175 3177 1521 3228 aestimatione
1543 3187 1599 3229 et

533 3265 648 3314 usu,
669 3251 722 3300 in
741 3252 916 3315 precio
950 3268 1082 3317 csse,
1103 3261 1157 3302 et
1191 3250 1327 3318 quod
1366 3254 1596 3304 ministe-

533 3329 664 3383 rium
686 3329 876 3395 suerat,
898 3347 980 3382 ars
1014 3331 1195 3382 haberi
1234 3339 1424 3396 coepta.
1494 3332 1597 3381 Vix

536 3415 709 3457 tamen
745 3408 853 3473 illu,
893 3418 1007 3474 quae
1048 3417 1173 3459 tum·
1203 3407 1598 3475 conspicieban-

533 3490 639 3547 tur,
670 3485 865 3534 semina
918 3495 1069 3537 erunt
1106 3484 1295 3536 futurae
1341 3486 1597 3552 luxuriae‚'

532 3564 633 3611 ute.
667 3561 883 3613 Ciceros.

596 3636 658 3684 In
676 3637 819 3703 ῥεῖα]
898 3637 1022 3687 Asia
1054 3639 1292 3690 omuibus
1323 3639 1595 3691 libidinum

528 3712 787 3773 illecebris
828 3717 1031 3779 repleta
1071 3726 1174 3767 est:
1235 3725 1294 3768 ut
1337 3718 1410 3768 ait
1447 3719 1594 3768 Titus

527 3789 706 3841 Livius
729 3791 764 3838 1.
786 3802 989 3840 xxxix.
1054 3791 1287 3857 Indeque
1311 3794 1593 3843 Romanum

526 3868 783 3919 luxuriam
805 3879 971 3919 ortam
993 3868 1151 3919 fuisse
1192 3877 1413 3921 testatur
1435 3872 1592 3923 etiam

527 3945 726 3996 Plinius
769 3959 979 3996 xxxin.
1024 3951 1105 3996 11.
1149 3950 1164 3974 ‘
1202 3947 1359 4013 Asia,'
1410 3949 1594 4014 inquit,

527 4022 546 4051 ‘
563 4024 783 4088 primum
818 4023 1043 4085 devicta,
1072 4025 1323 4075 luxuriam
1362 4026 1501 4075 misit
1538 4027 1590 4075 in

522 4097 750 4149 Italiam.
773 4100 1037 4165 Siquidem
1054 4101 1114 4151 C.
1132 4102 1305 4165 Scipio
1327 4102 1594 4152 transtulit

528 4172 581 4222 in
627 4173 883 4237 triumpho
939 4175 1140 4241 urgenti
1202 4176 1375 4240 pondo
1428 4176 1590 4226 millia

527 4247 901 4315 quadringenta
923 4258 980 4302 et
1012 4251 1401 4319 quinquaginta,
1423 4259 1479 4303 et
1503 4267 1589 4303 va·

1241 340 1459 398 NOTAE
1505 342 1906 399 vAtuoutm
1955 346 2036 399 u<

1690 504 1863 541 sorum
1886 502 2160 540 aureorum
2183 488 2359 554 pondo
2390 491 2606 541 centum
2643 484 2751 541 mit-

1690 567 1780 630 lis,
1820 581 1954 616 anno
1994 566 2151 616 Urbis
2187 565 2413 616 conditui
2454 564 2756 630 quingente-

1690 644 1818 693 simo
1837 643 2158 707 sexagesimo
2178 642 2377 708 quinto,
2417 642 2614 692 Eadem
2628 641 2755 693 Asis

1690 718 1905 781 domita,
1939 721 2103 770 multo
2145 720 2302 769 etiam
2340 720 2550 784 gravius
2573 718 2756 771 afflixit

1689 810 1876 860 mores,
1899 795 2230 862 inutiliorque
2255 796 2474 847 victoris
2497 797 2588 847 illa
2611 798 2752 847 here-

1689 871 1826 921 ditas
1841 870 2020 922 Attalo
2045 887 2167 937 rege
2189 871 2431 923 mortuo.’
2463 874 2534 922 Et
2554 873 2749 925 sustin.

1687 948 1722 997 l.
1766 962 1962 998 xxxvi.
1999 948 2121 998 ‘Sic
2159 948 2284 998 Asia
2319 948 2462 999 facta
2497 950 2753 1002 Romano·

1686 1039 1816 1089 rum,
1856 1040 1973 1075 cum
2012 1024 2195 1089 opibus
2228 1026 2334 1076 suis
2373 1026 2499 1076 vitia
2545 1042 2751 1093 quoque

1686 1103 1904 1153 Romam
1938 1101 2255 1153 transmisit.²
2321 1104 2404 1152 Ex
2438 1103 2629 1168 quibus
2668 1118 2753 1168 sp·

1685 1187 1839 1245 paret
1862 1180 2139 1230 convenire
2177 1181 2232 1229 in
2269 1180 2370 1230 boc
2392 1194 2587 1239 omnes,
2612 1179 2752 1246 quod

1686 1257 1909 1321 primum
1934 1256 2152 1329 Romani
2181 1257 2435 1307 luxuriam
2459 1256 2526 1307 sb
2561 1256 2752 1307 Asiati·

1684 1334 1758 1384 cis
1782 1334 2079 1397 didicerint,
2112 1335 2165 1384 in
2187 1335 2285 1384 hoc
2310 1349 2409 1385 non
2444 1335 2590 1398 item,
2609 1334 2754 1385 Sulla

1685 1412 1973 1460 exercitum
1993 1410 2262 1460 ductante.
2333 1411 2490 1460 Celer.

1753 1486 1857 1542 Quo
1877 1486 1969 1536 sibi
1989 1486 2150 1553 fidum
2180 1491 2505 1551 acceptumque
2527 1486 2741 1552 faceret]

1682 1561 1746 1613 Τὸ
1761 1567 2019 1627 acceptum,
2042 1577 2144 1613 non
2178 1569 2256 1611 cst
2291 1562 2343 1611 in
2381 1563 2748 1628 manuscriptis

1683 1655 1852 1707 neque
1869 1640 2131 1706 impressis
2153 1639 2327 1705 paullo
2350 1640 2745 1691 vetustioribus.

1683 1715 1785 1766 Sed
1817 1731 1914 1767 uec
1949 1729 2129 1765 sensus
2154 1715 2265 1780 ipse
2300 1716 2552 1779 postulat,
2593 1723 2748 1782 atque

1682 1792 1814 1842 adeo
1838 1793 2029 1857 potius,
2049 1792 2092 1841 si
2116 1791 2242 1857 quid
2261 1798 2343 1841 est
2363 1790 2417 1840 in
2441 1807 2524 1842 me
2536 1792 2746 1858 judicii,

1679 1883 1889 1934 prorsus
1936 1868 2134 1932 respuit
2177 1882 2240 1917 ac
2284 1868 2545 1933 repudiat.
2615 1870 2745 1920 Nam

1680 1946 1967 1996 exercitum
2008 1945 2166 2008 Sulla,
2200 1944 2336 2010 quod
2374 1945 2642 1997 luxuriose
2675 1934 2749 1997 ni·

1680 2023 1879 2089 misque
1902 2012 2190 2073 liberaliter
2206 2021 2445 2084 baberet,
2461 2021 2630 2072 fidum
2651 2023 2745 2074 sibi

1679 2099 1991 2167 fecit,seque
2006 2099 2116 2169 ipse
2133 2098 2352 2150 militum
2371 2099 2557 2148 animis
2575 2114 2745 2149 carum

1680 2185 2078 2243 acceptumque,
2140 2190 2241 2226 non
2297 2175 2593 2226 exercitum
2654 2176 2746 2227 sibi

1679 2253 1926 2305 reddidit.
1996 2253 2124 2306 Quis
2148 2253 2283 2303 euim
2307 2259 2388 2303 est
2404 2252 2482 2303 ita
2506 2267 2746 2319 umquam

1676 2333 1900 2394 locutus,
1924 2331 2022 2382 nisi
2045 2330 2258 2381 abusum
2279 2331 2376 2380 hac
2408 2344 2539 2381 voce
2563 2330 2749 2381 Sallus·

1679 2410 1808 2460 tium
1832 2409 2007 2461 dicere
2046 2408 2198 2472 ausis,
2236 2422 2331 2473 pro
2370 2420 2434 2457 eo
2477 2407 2622 2474 quod
2653 2415 2747 2471 est,

1677 2483 1970 2539 obnoxium?
2004 2485 2202 2537 Rivius.

1741 2562 2052 2627 Liberaliter]
2128 2561 2410 2612 Licenter:
2469 2560 2599 2626 quia
2642 2575 2744 2611 om·

1675 2642 1760 2693 nia
1784 2655 2104 2709 quaecunque
2125 2641 2380 2704 libuisset,
2411 2641 2744 2693 committere

1675 2719 1976 2785 patiebatur
2020 2720 2181 2781 Sulla,
2218 2718 2328 2768 sive
2365 2719 2607 2783 honesta,
2639 2718 2745 2768 sive

1677 2798 1850 2863 turpia
1871 2795 2109 2848 fuissent.
2165 2795 2289 2845 Vau.

1751 2875 1875 2929 Vasa
1913 2871 2105 2937 celate]
2176 2873 2373 2923 Caelata
2417 2874 2635 2937 proprie
2667 2870 2745 2922 di-

1678 2959 1868 3002 cuntur
1907 2966 2033 3001 vasa
2068 2963 2226 3000 aurea
2258 2949 2343 2999 vel
2382 2958 2655 3014 argentea,
2690 2949 2745 2999 in

1675 3027 1862 3092 quibus
1905 3027 2058 3092 signa
2103 3027 2185 3076 vel
2235 3025 2405 3089 sigilla
2455 3024 2598 3075 intus
2651 3029 2744 3075 aut

1674 3103 2105 3155 extraeminentia
2149 3117 2395 3167 expressa
2438 3110 2582 3165 sunt,
2625 3114 2743 3167 quoe

1672 3180 1783 3231 sola
1825 3180 1954 3231 caelo
1992 3179 2109 3230 fieri
2151 3194 2255 3230 non
2307 3186 2458 3229 torno
2501 3182 2743 3242 possunt.

1672 3255 2023 3308 Quintilianus
2061 3255 2375 3320 sculpturam
2422 3267 2454 3302 a
2491 3254 2746 3304 caelatun

1669 3332 1888 3383 materia
1918 3337 2119 3382 tautum
2143 3329 2412 3393 distinguit
2445 3342 2532 3379 ιιι.
2555 3332 2640 3379 21.
2664 3328 2747 3378 his

1670 3410 1877 3477 verbis:
1913 3411 1929 3436 ‘
1954 3410 2024 3459 Et
2058 3407 2319 3470 caelatura,
2354 3420 2471 3471 quae
2495 3420 2643 3467 auro,
2664 3419 2747 3469 tr·

1666 3496 1847 3552 genio,
1886 3500 2013 3547 aere,
2045 3483 2185 3534 ferro
2206 3497 2364 3549 opera
2388 3480 2583 3532 efficit:
2621 3496 2746 3532 nam

1666 3563 1934 3627 sculptura
1966 3561 2180 3626 liguum,
2214 3561 2362 3623 ebur,
2385 3573 2629 3625 marmor,
2671 3559 2746 3610 vi-

1670 3648 1826 3707 trum,
1849 3655 2100 3706 gemmas,
2122 3646 2316 3705 prsetcr
2338 3654 2420 3703 es,
2443 3655 2562 3704 quae
2581 3654 2745 3705 supra

1668 3718 1794 3781 dixi,
1806 3718 1961 3767 etiam
1976 3716 2379 3781 complectitur!
2411 3717 2551 3767 Sane
2565 3718 2746 3781 sculp-

1670 3801 1752 3844 tor
1797 3793 2064 3843 murmoris
2098 3793 2309 3856 dicitur,
2351 3807 2456 3843 non
2499 3794 2744 3855 caelator,

1669 3878 1729 3921 ut
1766 3877 1952 3921 contra
1991 3871 2246 3921 caelutura
2283 3870 2396 3919 auri
2424 3875 2482 3920 et
2514 3868 2748 3935 urgenti,

1667 3962 1767 3997 non
1789 3947 2075 4009 sculptura.
2144 3947 2215 3996 Et
2232 3946 2502 4010 sculptura
2522 3945 2742 4012 quidem

1665 4038 1815 4088 mque
1857 4037 1918 4072 ac
1969 4023 2216 4073 caelatura
2256 4021 2447 4087 figuras
2486 4028 2743 4072 extantes

1665 4097 1814 4162 facit,
1848 4096 1939 4149 sed
1975 4099 2025 4148 in
2059 4098 2215 4163 ligno,
2258 4114 2536 4163 marmore,
2569 4099 2742 4150 ebore

1665 4182 1720 4225 et
1743 4174 1956 4240 gemmis
1989 4183 2253 4239 operatur,
2277 4177 2528 4227 caelatura
2558 4176 2613 4226 in
2649 4192 2746 4227 u·

1663 4265 1741 4319 ro,
1759 4259 1976 4318 argento
1999 4258 2056 4301 ct
2079 4240 2203 4302 aare}
2267 4251 2515 4318 Virgilius
2554 4260 2742 4317 tumen
