2984 4892
1042 410 1125 459 m
1171 409 1685 464 sancum-run.
2345 400 2480 472 3⁹71

254 556 659 635 efferebaris,
682 560 785 634 ut,
822 574 977 640 qnae
1005 555 1157 640 ipse
1186 558 1452 641 corpori
1480 563 1597 623 tuo
1626 559 1849 643 turpia
1875 579 2008 625 non
2037 560 2374 642 duxisse3‚
2404 565 2474 628 in

254 659 402 727 aliis
428 659 862 745 experireris.
952 657 1064 724 Ita
1090 678 1225 724 non
1252 664 1353 725 est
1380 661 1579 726 facile
1616 667 1967 746 exputare,
2015 663 2101 729 P.
2130 663 2211 730 G.
2257 673 2474 732 utrum

252 762 815 832 inhonestioribus
842 763 1145 846 corporis
1168 764 1474 847 partibus
1495 784 1636 830 rem
1658 767 2022 850 quaesierit,
2045 787 2132 832 an
2155 771 2471 836 amiserit.

257 865 556 932 Domum
612 863 953 950 paternam
1000 864 1162 931 vivo
1210 871 1399 951 patre
1445 868 1823 952 turpissime
1869 870 2172 936 venalem
2215 872 2467 952 habuit,

254 968 581 1038 venusam.
666 968 756 1036 Et
800 970 910 1034 cui
952 969 1228 1035 dubium
1273 976 1497 1054 potest
1540 990 1712 1050 esse,
1758 974 1919 1056 quin
1966 974 2138 1041 mori
2185 974 2474 1058 coegerit

258 1093 435 1153 eum,
467 1090 611 1158 quo
633 1072 747 1136 hie
771 1071 1063 1138 mdm
1089 1076 1354 1138 mortuo
1383 1092 1507 1158 pro
1552 1073 1822 1139 haerede
1861 1077 2142 1159 gesserit
2170 1079 2392 1143 omnia
2411 1081 2474 1144 Ῥ

258 1175 509 1262 Neque
551 1175 761 1260 pudet
790 1195 834 1241 a
862 1195 967 1240 me
1009 1196 1158 1241 eum
1207 1196 1523 1262 qnoerere,
1572 1179 1725 1262 quis
1769 1179 1838 1243 in
1886 1178 1967 1243 P.
1998 1177 2228 1244 Crassi
2273 1181 2474 1245 domo

257 1278 554 1359 habitet3
630 1297 783 1344 cum
837 1279 983 1361 ipse
1030 1280 1425 1363 respondere
1470 1299 1608 1347 non
1654 1287 1879 1366 queat,
1933 1282 2084 1366 quis
2128 1282 2200 1346 in
2252 1284 2473 1367 ipsius

254 1379 508 1450 habitet
536 1386 811 1465 paterna
837 1379 1057 1446 domo.
1147 1379 1242 1447 At
1260 1381 1553 1447 Hercule
1572 1384 1614 1448 ἔ*
1636 1384 1872 1467 lapsus
1891 1384 2116 1449 aetatis
2146 1383 2472 1463 tirocinio,

258 1491 497 1570 postea
527 1503 675 1548 sese
704 1485 1011 1550 correxit.
1120 1485 1277 1550 Non
1306 1489 1404 1552 ita
1430 1496 1568 1554 est:
1616 1489 1736 1553 sed
1767 1487 1932 1552 abiit
1976 1489 2044 1552 in
2094 1487 2474 1553 sodalitium

258 1587 569 1669 sacrilegi
598 1585 989 1669 Nigidiani:
1056 1590 1164 1655 bis
1204 1589 1461 1673 judicis
1509 1591 1596 1657 ad
1638 1590 1957 1657 subsellia
1984 1594 2327 1670 atu-actus,
2355 1609 2474 1656 ex-

258 1695 471 1756 trema
494 1690 758 1755 fortuna
786 1692 1007 1758 stetit:
1071 1697 1140 1757 et
1166 1692 1266 1762 ita
1292 1689 1632 1771 discessit,
1669 1694 1770 1760 uti
1817 1712 1951 1756 non
1996 1691 2107 1756 hic
2154 1692 2472 1758 innocens

250 1812 433 1872 esse,
458 1792 586 1858 sed
610 1792 876 1876 judices
906 1794 1266 1880 pejerasse,
1290 1796 1853 1878 existimarentur.
1944 1794 2243 1859 Primum
2269 1795 2475 1860 hono-

252 1917 397 1964 rem
454 1899 529 1961 in
588 1903 931 1980 quaestura
991 1896 1297 1981 adeptae,
1354 1899 1527 1962 hunc
1575 1899 1795 1963 locum
1847 1903 1913 1963 et
1957 1898 2132 1962 hunc
2178 1895 2474 1962 ordinem

256 2000 615 2084 despexit:
679 1999 875 2083 cujus
922 2000 1142 2066 aditus
1186 2001 1316 2065 sibi
1367 2020 1659 2085 quoque,
1689 1999 2156 2066 sordidissimo
2201 1999 2471 2076 homini,

252 2103 615 2188 patuisset.
703 2102 937 2187 Itaque
966 2104 1235 2181 timenS,
1264 2123 1348 2168 ne
1375 2103 1676 2169 facinora
1699 2105 1843 2189 ejus
1870 2104 2047 2169 clam
2073 2122 2201 2168 vos
2229 2108 2471 2180 essent,

254 2225 417 2273 eum
446 2206 759 2270 omnibus
787 2211 1073 2274 matrum
1101 2207 1501 2272 familiarum
1525 2207 1684 2271 viris
1708 2208 2068 2292 opprobrio
2094 2211 2294 2283 esset,
2315 2225 2473 2272 con-

248 2306 477 2374 fessus
524 2313 653 2387 est,
695 2308 892 2374 vobis
950 2308 1399 2386 audientibus„
1460 2308 1894 2392 adulterium3
1954 2327 2170 2392 nequo
2215 2308 2474 2372 erubuit

246 2430 381 2478 ora
408 2416 665 2478 vestra.
2477 2493 2486 2500 ἶ

340 2512 655 2593 Vixeris,
685 2516 783 2580 uti
832 2516 1019 2606 libet,
1072 2516 1395 2598 Sallusti:
1462 2518 1696 2599 egeris,
1729 2535 1880 2600 quae
1910 2513 2241 2594 volueris:
2304 2513 2473 2580 satis

248 2617 367 2696 uit,
399 2636 609 2681 unum
660 2623 725 2682 te
774 2624 1034 2683 tuorum
1081 2621 1405 2685 scelerum
1447 2621 1788 2685 conscium
1829 2636 2018 2697 esse:
2092 2616 2230 2679 noli
2278 2618 2475 2679 nobis

252 2719 670 2805 languorem,
717 2727 788 2785 et
835 2741 1149 2804 soporem
1189 2723 1464 2786 nimium
1512 2720 1939 2804 exprobrare.
2031 2716 2278 2781 Sumus
2324 2715 2474 2780 dili·

254 2831 485 2907 gentes
515 2824 584 2888 in
628 2824 877 2891 tuenda
902 2824 1230 2909 pudicitia
1265 2843 1549 2890 uxorum
1574 2828 1988 2886 nostrarum:
2054 2819 2173 2883 sed
2217 2820 2311 2883 ita
2353 2837 2474 2882 ex-

248 2928 542 3012 perrecti
572 2946 701 2991 non
730 2945 981 3005 sumus,
1008 2934 1087 2991 ut
1129 2946 1172 2991 a
1217 2932 1282 2991 te
1311 2944 1547 2990 cavere
1574 2923 1929 3008 possimus,
2015 2917 2330 2983 Audacia
2358 2923 2476 2983 tua

252 3031 474 3095 vincit
518 3029 745 3094 studia
787 3034 1041 3094 nostra.
1132 3026 1410 3111 Ecquod
1461 3026 1635 3090 hunc
1681 3042 1944 3089 movere
1986 3022 2225 3106 possit,
2275 3020 2357 3086 P.
2391 3019 2471 3085 C.

248 3131 510 3198 tactum
560 3150 644 3196 ac
694 3129 943 3196 dietum
993 3136 1205 3214 turpe,
1260 3147 1461 3212 quem
1508 3146 1637 3192 non
1694 3125 1934 3210 puduit
1982 3124 2230 3209 palam,
2281 3123 2474 3188 vobis

256 3232 711 3309 audientibus,
762 3230 1152 3297 adulterium
1199 3230 1545 3295 confiteri?
1621 3225 1826 3306 Quod
1873 3227 1936 3292 si
1986 3225 2152 3290 nihil
2194 3244 2320 3311 pro
2367 3245 2473 3289 me
2511 3309 2526 3322 ·

254 3337 381 3401 tibi
428 3335 830 3421 roepondere
889 3334 1287 3412 voluissem:
1352 3330 1471 3395 sed
1520 3328 1683 3395 illud
1739 3330 2111 3393 censorium
2161 3328 2477 3410 elogium⁸

254 3435 399 3522 Ap.
428 3436 726 3518 Claudii,
776 3443 844 3503 et
890 3437 973 3501 L.
1001 3431 1325 3512 PisoniS,'²
1371 3432 1936 3516 integerrimorum
1981 3431 2295 3509 virorum,
2339 3450 2473 3514 quo

250 3559 423 3606 usus
444 3545 555 3607 est
583 3541 865 3634 quisque
894 3558 1145 3618 eorum,
1172 3538 1469 3622 prolege
1490 3535 1717 3620 palam
1737 3535 2066 3600 universis
2088 3535 2473 3600 recitarem:

1263 3775 1480 3831 NOTAE

322 3932 353 3962 ⁸
393 3925 497 3975 Pro
511 3925 698 3976 herede
714 3925 922 3988 gener-it
941 3923 1121 3987 οιιιιία]
1143 3923 1207 3974 Id
1228 3929 1331 3988 ent,
1417 3922 1486 3973 sis
1509 3923 1703 3973 Senatu
1722 3926 1889 3971 motus
1910 3924 1990 3970 est
2007 3917 2298 3969 Sallustius.

252 4000 1331 4066 minuitur-iiconnibmtmqmdo-
1478 3998 1505 4033 ὓ
1551 3999 1677 4064 App.
1714 3996 2101 4061 Claudii,etL.
2142 3992 2353 4056 Pisonis]
2403 3992 2480 4047 Hi

254 4077 441 4140 nin-n,
458 4091 574 4127 ms
588 4079 672 4128 αἲ.
1414 4076 1540 4138 duo,
1573 4076 1779 4126 AEmilio
1803 4076 1968 4126 Paulo
1999 4079 2055 4122 et
2100 4070 2316 4122 Claudio
2339 4069 2480 4119 Mar-

322 4161 348 4188 ⁸
378 4153 457 4203 A:
478 4152 709 4217 Heu-ecte]
777 4154 955 4205 Itonia
973 4162 1075 4207 est.
1416 4152 1552 4204 cello
1594 4151 1921 4217 Consulibus,
1965 4161 2237 4206 censuram
2269 4160 2480 4212 gravem

239 4261 257 4274 .
320 4235 353 4264 ⁸
386 4229 640 4293 Elegia]
703 4229 1023 4282 ‘rectificatio
1041 4239 1125 4282 est
1146 4231 1336 4283 ceuno-
1413 4236 1778 4290 exercuerunt.

254 4320 391 4359 run
406 4305 803 4372 vit-pentimi-
822 4321 1001 4375 ωηο,
1028 4323 1148 4361 cum
1170 4309 1239 4361 ab
1256 4308 1334 4376 ip-
