2984 4892
1058 483 1068 490 -
1095 445 1198 504 m*
1235 449 1615 506 camene.

253 677 264 688 ·
331 657 621 713 Jucun'dior
632 656 1327 727 atque‘obseqnentior,quam

339 725 473 775 renti
507 740 603 790 par
635 732 718 775 est
753 724 845 791 (de
867 725 1002 787 filia)
1051 727 1093 776 Ρ
1123 729 1242 789 362,
1262 731 1327 776 10

316 791 380 841 ὀ.
404 788 561 841 Offic.
602 804 719 840 cum
754 791 986 840 relevare
1034 790 1230 842 animos
1271 799 1328 843 et

247 855 395 905 -dare
426 870 483 906 se
523 856 844 921 jucunditati
873 855 1070 916 volent,
1105 865 1326 907 caveant

259 919 1068 986 Intemperantiam‚memin'erint
1082 933 1326 971 verecun-

261 984 385 1036 diae.
408 988 552 1035 (3.84.
594 985 677 1035 ed.
696 984 1122 1036 &chelii-dediti
1139 987 1326 1050 turpis-

261 1050 410 1100 timae
463 1051 600 1116 parti
646 1052 896 1115 corporis,
935 1053 1037 1099 dcc.
1081 1052 1321 1102 sudorem

260 1117 532 1179 pulverem
568 1123 623 1166 et
664 1116 769 1165 alia
810 1114 956 1164 nobis
1014 1114 1324 1181 relinquant,

261 1183 364 1231 ἅο.
403 1179 567 1245 epulis
597 1180 908 1246 jucundiora
928 1178 961 1230 J
983 1183 1046 1229 85

325 1245 539 1297 Judicat
552 1247 605 1295 Μ
614 1246 922 1306 aniium‚&c.
931 1244 1104 1295 hostes
1114 1252 1325 1297 senatus

257 1308 306 1359 C
324 1314 388 1360 56
413 1319 468 1361 et
489 1311 532 1360 C
553 1315 618 1360 50
681 1325 848 1377 neque
865 1310 932 1359 de
949 1310 1141 1360 honore
1162 1313 1324 1377 copiis

298 1375 528 1441 uisquam
540 1375 702 1439 magis
727 1383 816 1425 aut
827 1375 992 1424 minus
1004 1374 1326 1440 judicaverit

327 1444 440 1504 854,
461 1445 493 1491 4
539 1441 748 1501 ’udicia,
764 1454 820 1489 re
861 1441 1014 1501 ulau,
1037 1447 1324 1504 egestatem

255 1505 408 1556 nobis
448 1456 765 1572 reffquemnt
803 1455 857 1555 g
868 1509 935 1556 20
999 1504 1194 1555 frustra
1231 1507 1323 1557 im·

297 1565 435 1619 iores
477 1571 521 1621 C
541 1575 607 1620 52
670 1569 955 1636 (Judicium
979 1569 1323 1635 signif-juris-

241 1630 248 1638 '
297 1633 563 1700 ictionem)
600 1635 689 1699 jus
724 1649 850 1685 vero
889 1634 1120 1699 regulam
1144 1637 1320 1701 quain

251 1697 346 1749 ino
370 1701 662 1750 exercendo
684 1700 877 1750 utimur
893 1700 1104 1750 Lim—19.
1154 1709 1319 1754 totam

253 1763 602 1816 Acarnaniam
635 1765 730 1815 snb
745 1766 835 1830 jus
858 1764 1217 1843 judiciumque
1239 1781 1319 1818 re·

254 1829 336 1894 gis
359 1831 561 1880 venisse
591 1833 671 1881 51.
739 1830 833 1880 sub
847 1845 936 1895 Jus
959 1831 1317 1899 judiciumque

252 1907 402 1944 suum
446 1901 611 1945 totam
649 1895 741 1945 coi}
781 1895 823 1946 it
856 1902 1083 1959 gentem.
1114 1896 1167 1946 in
1205 1898 1316 1949 'ure

251 1957 470 2010 dicimus
509 1976 626 2011 cum
656 1960 723 2010 de
811 1961 1089 2024 raetore,in
1113 1962 1174 2025 ju
1213 1962 1315 2013 icio

249 2036 370 2074 cum
415 2025 481 2075 de
533 2025 713 2088 judice
773 2026 1091 2090 privatarum
1145 2027 1315 2078 litium

246 2089 414 2140 verba
447 2087 673 2140 facimus.
730 2089 906 2141 Plaut.
950 2091 1095 2140 Men.
1120 2105 1212 2142 seu
1246 2092 1312 2142 ad

247 2153 516 2218 populum,
549 2171 640 2205 seu
665 2155 716 2203 in
731 2155 871 2220 jure,
906 2169 996 2204 seu
1021 2171 1052 2204 a
1089 2155 1155 2204 ud
1172 2157 1314 2220 judi·

242 2232 381 2270 cem.
438 2220 551 2271 Cic.
609 2221 793 2285 Leges,
806 2221 947 2285 jura,
970 2220 1033 2284 jn
1074 2220 1314 2283 icia,suf-

241 2280 420 2347 fragia
465 2292 522 2335 et
566 2286 687 2336 alibi
727 2286 860 2351 juris
904 2291 962 2335 et
996 2284 1312 2349 judiciorum

245 2348 514 2413 aequitate.
580 2350 688 2400 Pro
731 2351 880 2403 Quir.
947 2349 1011 2399 ln
1045 2351 1312 2416 provincia

248 2412 330 2463 ‘us
372 2413 643 2465 dicebatur
673 2419 732 2465 et
765 2415 972 2478 Romae,
984 2415 1182 2481 judicia
1223 2416 1312 2466 da-

274 2484 454 2556 ·antur,
476 2486 533 2557 et
544 2479 688 2557 jura·
702 2479 909 2531 sibimet
940 2488 1311 2546 extorquerent

235 2542 1309 2673 {232122‘322252312„ffgssaffissuffisszffss

241 2673 598 2786 grimaclassis
610 2675 848 2739 quoniam
864 2673 1119 2724 mittenda
1127 2681 1306 2738 putem

316 2741 432 2795 858,
447 2743 509 2789 15
576 2753 691 2789 cum
715 2739 844 2802 legis
864 2739 1089 2788 Plautiae
1102 2738 1306 2802 judicia

241 2802 385 2853 domi
401 2803 670 2854 faciebatis
688 2804 732 2853 F
754 2799 946 2864 562,23
1013 2803 1236 2853 convicti
1259 2805 1304 2854 C

242 2871 307 2917 14
353 2873 554 2919 terrere
576 2875 778 2919 ceteros
804 2869 848 2918 C
870 2872 936 2918 89
976 2875 1302 2933 oppugnatus

235 2931 514 2996 injudicio
535 2933 941 3011 repetundarum
964 2934 1095 3009 0519
1157 2948 1301 2985 more

235 2995 408 3112 tmgma
405 3013 603 3126 ιὲἔῖῗὶῖἰ
628 2997 1186 3113 ffisszffls‘iimississss
1194 3001 1302 3113 {133

234 3127 522 3177 mutavisse
547 3127 583 3179 J
608 3129 638 3176 4
703 3126 911 3191 fugerat
949 3126 1016 3176 de
1053 3126 1300 3177 Massivae

231 3201 372 3242 nece
403 3191 439 3243 J
461 3196 524 3242 61
598 3191 665 3241 de
707 3192 1014 3256 magistratu
1052 3190 1208 3242 facile
1241 3191 1305 3243 fit

2298 439 2469 510 xcix

1402 600 1438 646 6
1501 603 1688 648 exutus
1729 597 1775 648 F
1816 602 1914 651 276
1974 603 2038 649 10
2105 600 2336 666 gentium
2379 615 2466 655 res

1403 669 1589 726 repeto
1613 663 1655 712 F
1676 667 1791 726 505,
1811 668 1846 714 8
1902 635 1990 728 ‚fus
2015 665 2304 732 bonumque
2327 669 2465 733 apud

1403 741 1494 790 eos
1518 743 1619 777 nou
1654 729 1857 793 iegibus
1898 729 2064 794 m‘gis
2085 745 2236 795 qnam
2278 739 2476 784 nam

1402 792 1616 842 valebat
1649 794 1691 843 C
1719 798 1753 843 9
1817 800 2002 844 contra
2010 795 2097 859 jus
2118 793 2297 860 fasque
2333 795 2377 848 C
2401 801 2462 848 15

1401 855 1455 904 in
1478 871 1758 921 paucorum
1772 858 1857 921 jus
1880 867 2035 924 atque
2068 857 2317 910 ditionem
2346 867 2467 912 cofl-

1400 923 1555 972 oessit
1579 923 1622 972 C
1643 926 1709 972 20
1767 924 1877 973 siue
1898 924 2074 988 popuii
2101 924 2253 988 jussu
2274 925 2461 977 nulius

1399 999 1579 1054 earum
1618 1002 1792 1037 rerum
1833 987 2029 1038 consuli
2061 988 2148 1052 jus
2199 995 2282 1040 est
2318 991 2363 1040 C
2392 996 2463 1043 20

1398 1051 1658 1102 libertatis
1683 1053 2000 1103 imminutum
2024 1053 2066 1103 C
2086 1056 2150 1102 57
2186 1054 2274 1117 jus
2293 1062 2347 1105 et
2372 1056 2464 1106 im·

1399 1118 1598 1179 perium
1620 1132 1781 1182 penes
1803 1131 1895 1168 vos
1916 1130 2029 1167 esse
2050 1117 2084 1168 J
2104 1122 2167 1167 14
2224 1118 2314 1182 jus
2319 1120 2461 1184 jndi-

1397 1181 1634 1247 ciumque
1666 1183 1887 1232 omnium
1921 1195 2095 1232 rerum
2137 1197 2299 1247 penes
2336 1199 2394 1235 se
2419 1183 2463 1237 Ρ

1396 1250 1516 1308 279,
1534 1251 1566 1296 2
1633 1245 1999 1312 amplificatum
2021 1248 2065 1297 F
2086 1252 2204 1308 851,
2224 1252 2290 1298 28

1459 1310 1492 1360 J
1498 1311 1649 1376 urgia
1665 1311 1980 1362 exercebant
1997 1323 2112 1361 cum
2128 1313 2458 1366 hostibusco

1393 1376 1651 1426 trahendo
1673 1384 1876 1440 tempus
1903 1376 1995 1439 jur
2126 1379 2456 1431 atrocitatem

1395 1437 1525 1554 gnoti
1547 1441 1812 1491 leniebant
1831 1440 1866 1493 J
1887 1445 1955 1491 27
2018 1442 2165 1506 urgio
2187 1442 2455 1494 lacessitus

1454 1569 1858 1635 Jusjurandum:
1913 1569 2155 1634 adigeret
2178 1572 2254 1621 ad
2291 1574 2460 1638 jusju-

1391 1635 1611 1748 gudam
1630 1637 1676 1686 C
1712 1640 1777 1686 22
1844 1634 1909 1685 ab
1929 1636 2149 1686 Lentulo
2183 1640 2451 1701 postulant

1453 1764 1612 1817 Jussa
1632 1764 1861 1816 efficiunt
1891 1763 1927 1816 J
1943 1767 2009 1814 24
2072 1780 2170 1830 pro
2195 1761 2459 1819 aliis'tole-

1390 1832 1520 1880 ratis
1540 1831 1584 1880 F
1600 1834 1716 1892 305,
1734 1836 1760 1880 1
1811 1837 2084 1880 nautarum
2096 1830 2451 1896 impediebant

1390 1895 1434 1944 Ρ
1478 1899 1595 1957 528,
1635 1899 1697 1945 18
1786 1895 1934 1944 'ussis
1978 1896 2165 1946 vestris
2208 1895 2454 1949 obediens

1388 1959 1489 2009 erit
1510 1959 1543 2011 J
1569 1965 1629 2010 81
1696 1910 1862 2009 nulius
1881 1960 2044 2009 hostis
2062 1960 2161 2009 nisi
2177 1973 2328 2026 quem
2343 1964 2454 2027 jus·

1388 2024 1589 2075 sissetis
1624 2025 1660 2077 J
1683 2028 1743 2075 1⁴
1810 2024 1859 2073 ei
1893 2024 2208 2089 provinciam
2232 2028 2450 2090 populns

1376 2089 1533 2154 jussit
1551 2089 1587 2140 J
1609 2094 1672 2140 84
1740 2087 1805 2137 Id
1825 2089 1980 2138 modo
2002 2102 2260 2155 excepere
2278 2100 2454 2155 patres

1384 2161 1661 2286 ἲςὲοείεα
1696 2153 1906 2206 eosdem
1930 2155 2185 2206 Tribunos
2198 2156 2450 2222 juberent

1411 2235 1462 2270 vi

1448 2283 1606 2336 Justa
1630 2294 1902 2352 postquam
1941 2286 2015 2336 ilii
2046 2283 2283 2336 fecerant
2302 2297 2449 2336 more

1384 2350 1530 2413 regio
1571 2349 1608 2402 J
1645 2355 1703 2401 u
1780 2351 1954 2416 justos
1996 2351 2230 2401 dominos
2269 2352 2452 2401 volum

1383 2416 1427 2465 F
1447 2420 1564 2477 516,
1584 2419 1619 2464 5
1704 2413 1762 2481 (i.
1784 2430 1832 2465 e.
1855 2415 2031 2477 veros)
2084 2414 2159 2466 sic
2203 2414 2341 2480 apud
2378 2415 2446 2467 R.

1382 2481 1533 2533 Rust.
1556 2480 1867 2545 Scriptores,
1880 2481 2079 2544 justum
2100 2493 2247 2545 opus.
2270 2484 2275 2488 ’
2311 2480 2449 2531 Stat.

1378 2545 1548 2596 Theb.
1585 2545 1620 2609 i,
1640 2549 1756 2596 645.
1823 2547 2091 2596 sacrasita
2125 2545 2333 2596 vocibus
2368 2557 2446 2595 as·

1380 2616 1536 2686 perat
1579 2609 1699 2661 irus.
1764 2611 1867 2661 Ms.
1913 2626 2054 2674 vero,
2103 2624 2199 2674 pro
2250 2621 2445 2674 sacras,

1501 2236 1530 2269 e
1545 2220 1758 2272 Festum
1777 2220 1831 2269 in
1852 2218 1945 2289 V.)

1403 2681 1565 2739 ustas,
1605 2673 1696 2724 sed
1737 2675 1838 2724 alio
1878 2687 2032 2725 sensu
2064 2688 2216 2740 quam
2262 2674 2359 2724 boc
2392 2675 2445 2724 in

1370 2689 1492 2789 'ioco
1518 2739 1657 2804 apud
1674 2738 1988 2800 Sallustium,
2024 2738 2201 2802 justos
2222 2743 2278 2788 et
2294 2752 2446 2802 egre-

1433 2818 1488 2853 os
1536 2818 1695 2867 agere
1753 2804 1893 2853 ultra
1944 2802 2239 2867 AEthiopam
2297 2804 2381 2852 cul

1426 2883 1655 2918 erearum
1678 2869 1721 2917 F
1743 2871 1857 2932 582,
1879 2871 1944 2918 32

1437 2932 1748 2990 Juvautibus
1767 2931 1890 2983 disJ
1910 2937 1972 2982 85
1995 2932 2127 2982 bene
2136 2931 2441 2995 juvantibus

1373 2998 1453 3048 dis
1477 2999 1521 3048 F
1542 3001 1658 3062 279,
1678 3003 1741 3048 12
1762 2998 1899 3062 quod
1913 2997 2238 3062 juvat,quod
2264 3007 2442 3047 carum

1372 3063 1633 3113 aestimaut
1654 3062 1688 3113 J
1712 3067 1775 3111 85
1829 3068 2119 3112 commeatu
2136 3062 2440 3126 ,iuvaturum

1373 3129 1660 3178 exercitum
1680 3125 1715 3179 J
1738 3129 1801 3176 47

1436 3191 1605 3243 Juxta
1664 3206 1841 3242 eorum
1895 3191 2059 3242 vitam
2115 3193 2437 3256 mortemque

235 3256 419 3324 populi
433 3257 686 3322 judicium
710 3258 931 3322 Ρ354,7
990 3256 1099 3321 jus,
1113 3255 1303 3321 judici·
1362 3257 1521 3321 juxta
1565 3256 1767 3306 aestimo
1811 3257 1854 3306 C
1887 3259 1921 3307 2
1984 3255 2046 3321 (i.
2070 3271 2118 3306 e.
2156 3253 2437 3322 tantidem)

234 3333 667 3518 ffiissisfflssimi
685 3321 1300 3453 {323351‘3'1'535133333

365 3467 427 3502 ue

299 3468 550 3569 Jttlimenta
569 3512 732 3568 levari
756 3513 968 3565 sarcinis
988 3516 1023 3568 J
1041 3521 1103 3567 75

300 3580 435 3633 Jura
493 3581 631 3647 opuli
654 3579 938 3631 defendere
961 3582 1003 3632 C
1026 3586 1090 3631 38
1121 3583 1301 3634 Tribu-

230 3660 329 3696 nos
369 3646 465 3696 Pie
503 3646 546 3695 is
582 3645 683 3696 alia
723 3644 822 3696 sibi
859 3645 983 3709 jura
1020 3649 1224 3710 paravit
1255 3649 1301 3698 F

227 3713 352 3772 27³,
391 3715 423 3761 8
488 3709 707 3775 parandi
734 3709 866 3774 juris
910 3719 967 3761 et
1006 3712 1297 3777 majestatIs

227 3775 612 3826 constituendae
630 3775 800 3841 gratia
820 3773 853 3825 J
874 3778 936 3825 ³1
1004 3782 1241 3839 paratum
1265 3793 1298 3827 a

226 3841 376 3905 Sylla
394 3840 436 3890 F
454 3844 569 3905 800,
590 3844 622 3889 8
688 3845 742 3890 et
757 3839 960 3904 judicia
981 3840 1184 3891 sibimet
1206 3856 1295 3891 ex-

228 3909 539 3982 torquerent
570 3905 793 4018 gpopulo
835 3903 970 3968 scil.)
1008 3906 1052 3955 F
1077 3910 1194 3965 278,
1232 3911 1296 3957 10

228 3970 358 4020 belh
399 3969 566 4020 rescin
607 3985 622 4018 ι
663 3970 705 4020 F
751 3972 868 4033 285,
914 3974 974 4018 15
1063 3970 1295 4021 restituit

229 4033 455 4084 tribunis
476 4034 520 4083 F
538 4038 652 4096 502,
677 4038 705 4083 1
776 4034 819 4083 si
843 4034 907 4085 ab
915 4033 1037 4098 jure
1061 4036 1293 4100 gentium

228 4111 348 4150 sese
427 4097 752 4149 rohibuerint
793 4098 828 4150 J
868 4104 934 4149 22
1013 4101 1179 4165 magis
1225 4115 1292 4154 ex

228 4177 380 4230 aequo
433 4178 633 4229 ouoque
648 4177 768 4214 reus
781 4178 932 4229 quam
954 4179 1021 4214 ex
1028 4164 1151 4229 jure
1170 4179 1293 4230 gen-

226 4229 362 4280 tium
385 4228 419 4278 J
445 4232 508 4278 55
549 4243 592 4278 ae
629 4244 694 4279 uo
718 4234 774 4279 et
787 4228 1023 4280 modesto
1038 4230 1290 4295 agitatum

217 4294 276 4380 Ξῖ
294 4295 413 4378 275,
433 4297 467 4345 2
513 4309 601 4362 Δοι)
696 4307 728 4345 o
748 4293 910 4346 libere
933 4308 1089 4361 agere
1111 4296 1154 4347 F
1173 4298 1293 4362 275,

1373 3321 1671 3386 reipublicae
1702 3322 1860 3385 juxta
1897 3335 1959 3370 ac
1996 3320 2092 3370 sibi
2122 3319 2437 3372 consuluisse

1375 3386 1419 3436 C
1462 3389 1525 3437 57
1613 3402 1721 3438 suae
1764 3385 2089 3452 hostiumque
2126 3385 2247 3436 vitai
2283 3385 2441 3449 juxta

1373 3452 1881 3568 sseffiffiiiiim‘isg
1884 3456 1911 3500 ¹
1927 3450 2336 3566 1„{3‡322„¹2?”3⁸
2368 3458 2437 3565 ἕξ

1373 3581 1611 3646 hyemem
1638 3587 1696 3633 et
1730 3587 1970 3633 aestatem
1992 3581 2150 3646 juxta
2172 3579 2282 3644 pati
2309 3577 2344 3630 J
2370 3583 2432 3629 85
2488 3587 2497 3594 ’

1373 3660 1523 3696 carus
1543 3646 1577 3697 J
1602 3650 1666 3697 88
1719 3646 1878 3711 Juxta
1914 3660 2112 3695 mecum
2148 3657 2323 3693 omnes
2358 3643 2436 3693 in·

1372 3710 1606 3775 telligitis
1628 3711 1671 3761 C
1695 3716 1759 3761 58
1815 3712 1970 3776 Juxta
1991 3723 2052 3759 ac
2081 3708 2123 3758 si
2150 3708 2321 3759 hostes
2346 3708 2437 3757 ad-

1372 3781 1547 3825 essent
1566 3777 1602 3827 J
1623 3780 1687 3825 45
1755 3774 1958 3842 petenti
1980 3774 2057 3823 uti
2087 3774 2265 3824 sellam
2278 3773 2435 3838 juxta

1409 3848 1589 3890 oneret
1608 3839 1644 3891 J
1667 3846 1730 3891 65
1774 3854 1957 3905 meque
1978 3853 2069 3889 vos
2106 3852 2170 3887 ue
2199 3838 2254 3886 in
2277 3836 2437 3888 omni-

1405 3919 1462 3955 us
1498 3905 1653 3955 rebus
1678 3906 1834 3969 juxta
1865 3919 2042 3967 geram
2140 3906 2202 3951 85
2270 3901 2437 3950 literis

1370 3969 1571 4019 Graecis
1617 3977 1773 4035 atque
1815 3968 2013 4019 Latinis
2062 3968 2234 4033 juxta,
2276 3971 2432 4031 atque

1368 4035 1666 4085 doctissime
1702 4033 1936 4084 eruditus
1969 4032 2005 4084 J
2029 4037 2091 4083 95
2160 4031 2231 4080 iiii
2262 4036 2436 4080 corta-

1365 4099 1491 4150 mini
1517 4098 1706 4150 conscii
1725 4099 1863 4148 inter
1882 4113 1940 4148 se
1948 4099 2104 4163 juxta
2122 4095 2432 4146 seditionem

1367 4171 1519 4215 erant
1540 4165 1583 4218 Ε
1606 4167 1721 4225 aas,
1742 4167 1806 4213 1⁴
1847 4163 2038 4216 amicos
2060 4160 2433 4248 proculjuxta·
2518 4151 2565 4202 ι’

1365 4245 1465 4298 que
1488 4229 1615 4283 sitos
1637 4229 1679 4280 F
1699 4231 1816 4295 510,
1837 4230 1869 4279 5
