2984 4892
523 367 682 446 ,⁵712
745 377 752 384 ‘

543 538 770 591 bacchis
800 537 1158 589 initiarentur:
1199 539 1495 590 secerdotes
1530 540 1604 589 in-

544 616 715 668 vicem
740 623 999 665 matronas
1023 617 1186 665 creari
1221 616 1399 665 solitas
1432 615 1605 665 fuisse.

546 693 812 743 Pacullam
840 707 959 740 vero
981 692 1193 740 Mimsm
1219 693 1504 755 Esoponsm
1528 707 1606 741 sa·

549 770 836 829 cen-dotem,
878 768 1050 817 omniu
1089 775 1326 832 tanquam
1375 769 1605 818 Deorum

546 848 743 898 monitu
768 847 1080 907 immutasse,
1118 859 1233 893 nam
1257 850 1311 893 et
1331 843 1467 898 viros
1491 858 1605 893 eam

547 924 763 988 primam
780 936 899 972 suos
917 919 1047 970 filios
1065 921 1309 982 initiasse,
1327 926 1383 969 et
1402 928 1608 970 noctur·

543 1015 669 1051 num
693 1015 891 1051 sucrum
913 1014 976 1047 ex
1001 998 1203 1062 diurno,
1239 1009 1294 1049 et
1320 1015 1413 1064 pro
1443 999 1609 1051 tribus

547 1079 605 1129 in
629 1093 761 1128 enno
784 1078 960 1126 diebus
984 1077 1165 1142 quinos
1187 1077 1400 1141 siugulis
1425 1078 1609 1126 mensi-

549 1153 648 1205 bus
674 1153 783 1203 dies
806 1153 1064 1203 initiorum
1089 1151 1250 1206 fuisse
1272 1167 1462 1204 sacros.
1528 1154 1611 1201 Ex

551 1243 656 1296 quo
674 1230 794 1280 inde
813 1230 1103 1294 promiscuo
1125 1245 1271 1279 sacru
1288 1230 1412 1291 sint,
1430 1237 1485 1279 et
1501 1245 1613 1294 per-

549 1307 691 1357 misti
723 1308 818 1357 viri
849 1306 1073 1356 foeminis
1117 1314 1172 1357 et
1202 1308 1371 1358 noctis
1403 1308 1616 1357 licentia

554 1384 855 1446 accesserit,
874 1386 995 1434 nihil
1019 1385 1090 1435 ibi
1110 1384 1376 1448 facinoris,
1390 1385 1518 1434 nihil
1541 1385 1615 1435 ibi

551 1458 737 1524 flagitii
755 1462 1156 1524 pretermissum
1175 1478 1189 1510 ε
1227 1463 1374 1526 plura
1387 1462 1613 1511 virorum

550 1538 691 1589 inter
723 1552 778 1586 se
812 1553 963 1603 quum
1003 1537 1328 1589 foeminurum
1362 1554 1474 1589 esse
1508 1545 1614 1589 stu·

549 1619 652 1679 pru
666 1635 680 1679 ;
713 1616 755 1665 si
781 1617 865 1680 qui
892 1616 1054 1665 minus
1073 1616 1330 1681 patientes
1344 1615 1613 1665 dedecoris

550 1692 676 1756 sint,
694 1699 748 1743 et
773 1693 1017 1756 pigriores
1035 1692 1101 1743 sd
1120 1692 1338 1756 fucinus,
1356 1707 1449 1758 pro
1468 1693 1616 1743 victi-

552 1770 654 1819 mis
698 1769 977 1820 immolari:
1029 1770 1153 1819 nihii
1194 1767 1343 1820 nefas
1383 1769 1612 1820 ducere:

553 1860 654 1896 nec
677 1846 728 1895 id
763 1847 939 1896 multis
972 1846 1257 1911 cognitum,
1288 1861 1443 1913 quum
1480 1845 1618 1896 nullu

554 1937 656 1973 vox
692 1922 1081 1973 vociferantium
1113 1929 1206 1973 aut
1245 1924 1617 1989 queritantium

554 2014 664 2065 prae
703 2001 923 2063 ululatu,
961 2007 1322 2065 tympanorum
1355 2002 1618 2067 cymbalo-

554 2089 773 2142 rumque
808 2076 1028 2141 strepitu
1068 2076 1303 2126 exaudiri
1342 2079 1524 2142 possit,
1562 2085 1617 2131 et

553 2153 744 2212 mortui
782 2167 848 2201 ex
870 2159 1156 2217 conspectu
1186 2151 1324 2203 illico
1359 2155 1411 2203 in
1431 2170 1619 2220 specus

557 2227 831 2280 abduntur.
899 2230 1053 2280 Hanc
1085 2245 1330 2282 summum
1361 2232 1502 2283 inter
1532 2248 1619 2284 eus

554 2305 860 2370 religionem
905 2322 1046 2358 esse:
1084 2310 1218 2359 viros
1257 2310 1403 2362 velut
1443 2318 1619 2363 mente

556 2389 733 2447 capte,
770 2398 887 2433 cum
917 2384 1211 2448 jactatione
1247 2375 1480 2438 fanatica
1506 2404 1619 2439 cor-

551 2458 699 2523 poris
718 2459 1005 2524 vaticinari,
1022 2471 1283 2512 matronas
1299 2462 1619 2515 Baccharum

554 2533 737 2585 habitu
754 2534 984 2585 crinibus
1004 2537 1164 2600 passis
1181 2553 1298 2588 cnm
1316 2539 1619 2592 ardentibus

554 2609 757 2664 facibus
783 2612 1056 2664 decurrere
1078 2613 1145 2663 ud
1166 2616 1407 2682 Tiberim,
1436 2618 1620 2670 demis-

554 2693 741 2752 sasque
778 2687 831 2737 in
870 2703 1057 2754 uquam
1098 2689 1257 2756 faces,
1295 2694 1419 2758 qnia
1441 2695 1619 2746 vivum

556 2763 771 2829 sulphur
786 2779 907 2815 cum
929 2767 1073 2817 calce
1093 2768 1234 2831 insit,
1256 2768 1461 2834 integro
1477 2768 1621 2821 fiam-

554 2853 642 2892 ma
673 2839 877 2892 efferre.
944 2843 1147 2908 Raptos
1183 2861 1215 2895 a
1236 2845 1356 2897 Diis
1390 2847 1620 2900 homines

542 2917 682 2982 ·dici,
706 2934 835 2984 qnos
857 2920 1103 2971 machinae
1127 2922 1363 2988 alligatos
1400 2938 1467 2974 ex
1501 2940 1623 2975 con-

543 3003 743 3060 ·spectu
775 2997 828 3045 in
862 2996 1066 3048 abditos
1107 3013 1291 3063 specus
1325 3000 1619 3065 abripiantz

541 3086 647 3123 ·eos
669 3083 801 3137 esse,
833 3074 919 3139 qni
942 3081 1032 3124 aut
1056 3077 1344 3140 conjurare,
1379 3084 1469 3128 ant
1492 3078 1623 3128 soci-

541 3148 635 3198 *ari
664 3146 992 3215 facinoribus,
1024 3159 1114 3203 ant
1136 3160 1370 3217 stuprum
1395 3155 1504 3218 pati
1538 3170 1625 3205 no·

542 3225 763 3278 -luerint,
828 3228 1221 3279 Multitudinem
1251 3231 1531 3296 ingentem,
1552 3233 1623 3282 ul-

543 3307 731 3351 *terum
746 3302 858 3366 jem
874 3318 1037 3368 prope
1054 3307 1302 3370 populum
1323 3320 1459 3371 esse,
1475 3308 1527 3357 in
1545 3307 1624 3359 his

544 3377 759 3429 nobiles
796 3380 1044 3445 quosdam
1082 3382 1219 3432 viros
1264 3381 1623 3450 foeminasque.

557 3453 782 3504 Biennio
802 3456 1032 3521 proximo
1051 3458 1345 3509 institutum
1361 3460 1542 3521 fuisse,
1556 3476 1622 3512 ne

559 3531 677 3597 quis
696 3533 864 3598 major
886 3545 988 3583 xx.
1004 3536 1148 3588 annis
1171 3537 1483 3603 initiaretur,
1504 3554 1626 3604 cap·

543 3608 664 3659 -turi
687 3615 891 3674 aetutes,
919 3617 975 3661 et
998 3614 1186 3663 erroris
1210 3622 1267 3664 et
1289 3616 1457 3680 stupri
1490 3617 1625 3680 peti·

541 3691 727 3738 ntes.
815 3683 951 3739 Haec
1009 3690 1182 3740 omniu
1224 3690 1420 3752 Livius,
1462 3691 1625 3744 refert

559 3764 718 3815 etiam
739 3765 918 3814 Valet.
952 3766 1079 3815 Μαι
1103 3767 1137 3815 l.
1161 3780 1240 3818 vt.
1305 3768 1438 3820 Quae
1461 3768 1627 3831 plera-

561 3841 927 3907 que·privatim
949 3842 1002 3892 in
1024 3843 1249 3893 sacrario
1282 3842 1422 3893 circu
1455 3844 1624 3895 initia-

545 3915 730 3968 ·tiones
750 3931 946 3979 eorum,
980 3918 1067 3982 qui
1098 3917 1178 3969 his
1199 3919 1355 3969 sacris
1377 3919 1627 3971 interesse

547 3994 862 4060 cupiebant,
880 3993 1020 4045 fucta
1035 3997 1258 4048 arbitror
1275 4014 1289 4047 z
1312 3998 1521 4062 publice
1538 4014 1626 4048 au-

547 4077 673 4122 -tem
696 4084 800 4120 non
817 4071 981 4122 minus
1002 4071 1259 4124 horrenda
1280 4074 1344 4124 ab
1364 4074 1425 4123 iis
1443 4088 1628 4140 perpe·

563 4155 706 4200 trata
745 4155 881 4201 suut.
963 4152 982 4182 ⁴
1003 4151 1178 4216 Nam,'
1220 4161 1279 4203 nt
1322 4155 1487 4204 Varro
1531 4155 1625 4218 ait,

551 4227 582 4260 ⁴
604 4230 754 4275 tanta
795 4225 1132 4290 turpitudinis
1181 4227 1396 4280 licentia
1445 4228 1627 4280 Liberi

545 4301 893 4364 :patrium-a
913 4302 968 4356 in
988 4304 1228 4356 omnibus
1243 4305 1488 4374 compitis
1504 4319 1622 4373 per-

1237 391 1456 444 80⁹1·AE
1502 391 1911 444 vammum
1954 391 2039 444 nt

1683 538 1988 602 urebantur,
2026 545 2089 590 ut
2121 538 2175 589 in
2211 539 2327 604 ejus
2357 537 2739 589 bonore-viss-

1682 618 1754 666 lia
1786 618 2079 668 colerentur
2109 616 2368 682 pudenda,
2398 619 2571 680 palam
2602 614 2743 665 exul·

1685 699 1832 743 tante
1865 692 2138 757 nequitis.)
2202 693 2336 743 Nem
2380 694 2559 744 Liberi
2590 707 2744 744 men-

1680 769 1825 820 brnm
1868 784 1962 835 per
1992 771 2127 821 bunc
2161 770 2295 821 diem
2327 770 2518 821 festum
2558 783 2743 834 magna

1680 847 1991 897 celebritate
2012 848 2260 912 plostellis
2284 862 2381 912 per
2405 863 2561 912 agros
2584 848 2751 911 prius,

1679 937 1798 972 mox
1815 931 1872 973 et
1894 923 1947 973 in
1968 924 2148 973 urbem
2160 924 2490 986 vectabatur,
2505 939 2614 988 qno
2630 929 2743 974 toto

1683 1003 1915 1062 tempore
1931 1001 2274 1065 unnsquisque
2294 1000 2636 1064 spurcisdusis
2656 1000 2745 1049 ab·

1681 1074 1925 1126 utebatur
1963 1075 2153 1138 verbis,
2210 1077 2376 1125 donec
2420 1090 2521 1139 per
2579 1074 2745 1126 foru-

1682 1153 2108 1203 transveberetur
2146 1153 2429 1202 membrum
2465 1151 2617 1215 illud,
2649 1152 2748 1215 ul,

1685 1227 2092 1292 inspectantibus
2108 1229 2362 1291 omnibus,
2382 1227 2750 1280 matremfami-

1684 1303 1780 1354 lias
1802 1305 2205 1355 honestissimum
2226 1320 2439 1357 necesse
2458 1316 2578 1356 erat
2592 1306 2749 1372 inpo-

1686 1397 1810 1432 uere
1828 1397 2084 1434 coronam.
2149 1385 2234 1433 Sic
2257 1385 2402 1434 Dens
2423 1384 2513 1432 ille
2534 1384 2750 1448 propiti-

1686 1460 1884 1511 abatur.
1948 1462 2126 1525 Atque
2162 1462 2273 1512 baec
2305 1476 2457 1511 sacru
2490 1461 2677 1511 Roma
2698 1467 2752 1511 et

1688 1551 1783 1601 per
1805 1544 1968 1588 totam
1991 1538 2200 1589 Italiam
2218 1538 2399 1602 vetita,
2412 1538 2507 1603 Sp.
2533 1539 2753 1590 Postha-

1688 1613 1789 1663 mio
1814 1611 2023 1677 Albino,
2062 1621 2119 1665 et
2161 1615 2229 1667 Q.
2266 1615 2460 1666 Martio
2504 1616 2751 1681 Phiiippo

1690 1690 1834 1741 Coss.
1854 1692 2138 1757 Progressu
2154 1707 2276 1743 vero
2291 1692 2754 1759 teu-portatum

1690 1773 1745 1817 et
1778 1768 1975 1818 ociosus
2010 1769 2424 1833 superstitiones,
2459 1777 2521 1821 ut
2544 1770 2753 1820 Tertul-

1688 1842 1853 1893 lianus
1868 1845 2117 1910 loquitur,
2148 1847 2486 1899 restituerunt
2512 1848 2753 1910 Romani,

1690 1919 1952 1986 abrogatis
1972 1928 2144 1972 tamen
2167 1923 2289 1986 illis,
2323 1939 2441 1989 qun
2462 1925 2679 1976 nimia-
2699 1931 2753 1975 et

1690 1993 2016 2061 profligatam
2056 1997 2307 2049 baberent
2362 2000 2752 2064 turpitudinm.

1688 2073 1827 2124 Vide
1849 2073 2093 2125 Ovidium
2115 2075 2151 2126 l.
2172 2089 2258 2126 ιιι.
2279 2076 2483 2127 Pastor.
2536 2073 2694 2129 Hoc
2679 2093 2752 2143 ip-

1692 2165 1751 2201 so
1775 2161 2037 2216 praterea
2057 2152 2162 2216 die,
2183 2168 2288 2218 quo
2307 2154 2500 2203 Bacchi
2525 2155 2752 2206 solennia

1690 2227 1901 2289 flebant,
1913 2236 1971 2279 et
1982 2231 2325 2280 antecedente
2337 2229 2493 2279 etiam
2506 2245 2626 2280 cnm
2644 2246 2753 2296 pro-

1691 2306 1923 2358 cessione
1936 2307 2221 2372 pergebant
2231 2304 2297 2356 ad
2313 2306 2568 2372 templum
2578 2306 2753 2359 Casto-

1692 2385 1763 2435 ris
1775 2390 1830 2435 et
1847 2384 2097 2451 Pollucis,
2112 2385 2252 2451 quod
2267 2392 2631 2436 consecratum
2654 2383 2753 2436 fuit

1689 2461 1826 2525 upud
1842 2477 2026 2527 aquam
2035 2462 2403 2526 Juturnam,iis
2416 2462 2472 2511 in
2483 2463 2749 2530 locis,un

1689 2539 1957 2603 appellata
1976 2538 2193 2590 fuerunt
2207 2537 2403 2604 Argea,
2433 2539 2576 2590 sicut
2597 2541 2751 2593 Ovis.

1689 2616 1804 2666 loco
1829 2631 1989 2681 supra
2008 2616 2172 2667 citato
2202 2617 2373 2667 docet.
2400 2616 2693 2681 Hminem.

1756 2694 1817 2743 In
1830 2708 1950 2756 agro
1960 2693 2175 2758 hmo]
2188 2693 2235 2744 A
2241 2708 2335 2759 ger
2351 2694 2598 2745 Lucanus
2613 2694 2751 2761 Apu-

1691 2769 1777 2820 liae
1800 2769 2154 2820 conterminus
2173 2770 2273 2820 fuit
2285 2770 2749 2834 juxtaBradanum

1694 2860 1913 2897 amnem.
1948 2847 2184 2897 Lucanos
2203 2848 2488 2912 hospitales
2510 2855 2571 2898 et
2583 2849 2754 2913 justos

1691 2924 1901 2972 vocavit
1918 2923 2225 2974 Heraclides
2243 2923 2309 2972 de
2326 2924 2506 2974 Rebus
2525 2925 2755 2989 publicis.

1692 2995 1740 3047 A
1763 2998 2074 3049 Samnitibus
2095 2998 2347 3063 originem
2385 3000 2611 3054 traxisse
2643 3015 2754 3051 auc-

1694 3079 1833 3124 tores
1864 3084 1986 3125 sunt
2018 3075 2158 3124 Plin.
2181 3074 2215 3123 l.
2240 3087 2327 3124 ιιι.
2347 3088 2396 3124 c.
2420 3082 2472 3126 5.
2494 3084 2552 3126 et
2573 3076 2754 3126 Strabo

1695 3152 1727 3202 l.
1750 3165 1805 3201 v.
1836 3166 2029 3218 eosque
2060 3152 2314 3203 OEnotriis
2360 3153 2553 3216 ejectis
2586 3169 2755 3204 eon-

1694 3230 1871 3280 sedem
1895 3230 2145 3280 invasisse
2166 3229 2341 3293 trudit,
2357 3238 2519 3297 atque
2537 3245 2629 3282 eos
2645 3246 2755 3282 cum

1693 3305 1891 3372 Brutiis
1913 3312 1969 3356 et
1984 3306 2188 3372 generis
2204 3307 2284 3357 sui
2303 3307 2606 3358 auctoribus
2618 3309 2759 3359 San-

1694 3383 1888 3433 nitibus
1911 3383 1984 3433 ita
2007 3384 2257 3433 bellorum
2278 3383 2513 3435 cladibus
2554 3386 2756 3437 attritos

1694 3457 1867 3519 docet,
1900 3465 1960 3508 nt
1990 3473 2168 3509 eornm
2200 3455 2395 3525 opp'ida
2428 3459 2757 3527 destingnsre

1694 3534 1906 3587 difficile
1926 3538 2013 3588 sit.
2053 3537 2317 3588 Terminus
2340 3545 2514 3588 umen
2540 3539 2757 3590 Lucanis

1693 3615 1879 3664 statuit
1914 3614 1981 3663 ud
1996 3615 2219 3664 Tuscum
2251 3627 2413 3678 mare,
2455 3616 2613 3666 simul
2644 3627 2755 3666 cun

1694 3691 1813 3740 aliis
1836 3692 2153 3755 auctoribus,
2168 3706 2199 3741 a
2212 3690 2506 3742 Picentinis
2522 3692 2757 3754 Silarum,

1696 3781 1726 3817 u
1749 3767 1949 3817 Brutiis
1986 3769 2178 3819 Lacum
2200 3782 2419 3819 amnem.
2472 3766 2563 3818 Ad
2595 3770 2753 3834 ipsa-

1698 3858 1901 3909 quoque
1932 3843 2085 3894 Silari
2115 3844 2306 3893 ostium
2350 3842 2567 3894 celebre
2601 3844 2757 3896 Junc-

1699 3920 1778 3970 nis
1798 3919 2013 3985 Argiva
2047 3922 2295 3985 templum
2328 3921 2450 3970 olim
2473 3920 2542 3971 ab
2564 3921 2753 3974 Jasoue

1696 3997 1961 4047 conditum
1978 3994 2138 4048 fnisse
2149 3998 2286 4048 idem
2300 4006 2555 4048 memorat
2571 4015 2586 4049 ε
2601 4011 2752 4063 qaan-

1698 4087 1854 4139 quam
1889 4076 2137 4139 templum
2169 4075 2267 4124 boc
2300 4073 2441 4123 Plin.
2470 4073 2507 4125 l.
2528 4088 2616 4126 ιιι.
2638 4089 2684 4125 c.
2702 4079 2748 4123 ὅ.

1696 4150 1763 4201 ad
1785 4151 2020 4201 dextram
2046 4151 2194 4215 ponit
2224 4151 2410 4216 ripam,
2440 4151 2497 4201 in
2532 4151 2747 4202 Picenti·

1697 4241 1878 4278 norum
1896 4241 2038 4293 agro.
2073 4228 2267 4277 Chosr.

1763 4303 2012 4372 Publipor]
2043 4303 2341 4358 Priscianus
2357 4303 2393 4356 l.
2416 4317 2495 4356 vt.
2512 4302 2735 4371 ‘Antiqui
