2984 4892
272 280 317 307 Q

486 320 580 393 8⁴
1310 332 1409 387 nt
1462 328 1884 383 saumario
1909 388 1916 397 .

1160 522 1557 591 Macrobius
1586 523 1730 590 Sat.
1766 539 1882 631 ru.
1913 520 2021 589 15.

577 664 962 744 Sallustius,
1035 663 1472 746 gravissimus
1532 661 1769 726 alienae
1829 660 2113 726 luxuriae
2181 659 2570 745 objurgator
2639 660 2715 720 et

489 788 755 837 censor.

1277 960 1309 982 ¹*
1444 952 1536 1019 Et
1582 972 1651 1020 v,
1686 953 1750 1017 1.

581 1093 886 1175 Quatuor
928 1097 1079 1157 sunt
1118 1109 1359 1175 genera
1401 1088 1705 1155 dicendi:
1753 1089 2124 1174 copiosum,
2173 1088 2245 1152 in
2289 1109 2422 1174 quo
2469 1084 2713 1152 Cicero

490 1192 894 1267 dominatur:
939 1196 1163 1274 breve,
1207 1194 1276 1258 in
1319 1213 1453 1278 quo
1501 1193 1853 1258 Sallustius
1897 1202 2158 1275 regnat:
2205 1193 2480 1269 siccum,
2523 1190 2711 1275 quod

497 1286 816 1366 Frontoni
867 1298 1252 1363 ascribitur:
1325 1297 1566 1380 pingue
1625 1304 1692 1362 et
1736 1296 2071 1375 floridum,
2132 1296 2203 1361 in
2260 1315 2396 1379 quo
2447 1293 2714 1359 Plinius

492 1400 826 1468 secundus
873 1399 1248 1485 quondam3
1296 1408 1364 1466 et
1409 1420 1610 1479 nunc,
1640 1400 1821 1467 nullo
1867 1406 2159 1466 veterum
2205 1401 2439 1478 minor,
2485 1404 2716 1463 noster

491 1503 932 1590 Symmachus
958 1504 1349 1568 luxuriatur.

1266 1692 1706 1794 Symmachus
1737 1711 1808 1760 ν.
1836 1693 1946 1760 66.

577 1826 842 1895 Interea
864 1790 1122 1894 ‘recuso
1174 1830 1591 1909 sententiam,
1641 1851 1795 1915 quae
1849 1849 1987 1894 rem
2037 1829 2411 1894 venaticam
2464 1827 2711 1894 servile

492 1929 662 1999 dicit
688 1931 1002 1997 officium.
1091 1932 1406 1999 Statuerit
1446 1935 1578 1998 hoc
1620 1934 1901 2017 scriptor
1928 1930 2103 2016 stylo
2143 1935 2400 1995 tantum
2427 1932 2720 2016 proban-

493 2031 664 2099 dus:
711 2053 866 2098 nam
894 2054 1153 2098 morum
1185 2034 1333 2119 ejus
1362 2034 1609 2100 damna
1633 2054 1771 2099 non
1793 2035 2042 2110 sinunt,
2070 2036 2147 2097 ut
2174 2033 2260 2098 ab
2289 2033 2406 2099 illo
2437 2032 2717 2117 agendae

496 2134 657 2201 vitae
690 2139 947 2220 petatur
974 2136 1361 2201 auctoritas.

1148 2322 1490 2388 Ausonius
1518 2324 1589 2389 in
1616 2322 2057 2410 Protreptico.

669 2456 721 2524 J
723 2478 832 2526 am
859 2458 1118 2525 facinus
1149 2455 1440 2525 Catilina
1463 2464 1677 2541 tuum,
1702 2460 2071 2545 Lepidique
2097 2461 2473 2543 tumultum,

670 2560 786 2627 Ab
817 2561 1076 2645 Lepido
1103 2570 1171 2628 et
1201 2560 1440 2628 Catulo
1465 2563 1615 2648 jam
1642 2583 1751 2629 res
1780 2570 1847 2629 et
1873 2568 2175 2647 tempora
2203 2562 2469 2640 Romae,

669 2663 913 2742 Otene,
944 2665 1053 2729 bis
1083 2683 1279 2730 senos
1306 2665 1548 2729 seriem
1577 2670 1897 2730 connecto
1922 2684 2041 2747 per
2071 2684 2304 2729 annos.

665 2764 717 2831 J
723 2784 832 2831 am
857 2766 1008 2849 lego
1035 2767 1218 2831 civili
1242 2766 1517 2831 mistum
1548 2766 1856 2831 Mavorte
1883 2766 2203 2845 duellum,

674 2866 901 2936 Movit
927 2869 1110 2954 quod
1138 2870 1325 2937 socio
1357 2869 1689 2939 Sertorius
1718 2868 1880 2934 exul
1907 2868 2130 2936 Ibero.

624 3055 947 3127 Sidonius
973 3056 1382 3143 Apollinaris
1424 3060 1495 3122 in
1533 3056 1871 3142 Panegyri
1901 3055 2241 3124 Anthemii
2270 3056 2582 3144 Augusti.

672 3189 838 3271 Qua
865 3191 1142 3277 Crispus
1171 3194 1491 3259 brevitate
1519 3194 1762 3279 placet,
1791 3214 1927 3278 quo
1957 3193 2251 3278 pondere
2274 3193 2516 3274 Varro,

673 3291 835 3373 Quo
862 3296 1056 3378 genio
1087 3294 1396 3374 Plautus,
1427 3317 1564 3381 quo
1591 3297 1853 3362 flumine
1886 3295 2369 3377 QuintilianuS,

675 3392 838 3497 Qua
863 3416 1118 3497 pompa
1141 3396 1424 3463 Tacitus
1452 3414 1792 3484 nunquam
1817 3399 1963 3463 sine
1990 3397 2190 3464 laude
2218 3399 2609 3507 loquentius.

1092 3583 1182 3650 Et
1223 3586 1293 3650 in
1323 3586 1654 3672 Panegyri
1684 3585 2125 3657 Narbonensi.

677 3713 768 3783 Et
793 3722 858 3782 te
882 3718 1274 3786 multimoda
1300 3719 1468 3785 satis
1495 3722 1859 3786 verendum

678 3818 1091 3905 Scriptorum
1116 3825 1583 3888 numerositate
1610 3823 1870 3889 Varro:

679 3918 770 3987 Et
798 3928 863 3988 te
893 3925 1010 4008 qui
1039 3926 1358 3991 brevitate
1385 3925 1626 4010 Crispe
1651 3927 1899 4009 polles:

682 4022 773 4091 Et
797 4027 916 4109 qui
942 4047 1067 4111 pro
1095 4027 1362 4111 ingenio
1391 4027 1656 4107 fluente,
1687 4030 1851 4096 nulli

681 4124 948 4196 Corneli
971 4128 1207 4198 Tacite
1231 4149 1308 4196 es
1336 4130 1654 4198 tacendus
1682 4134 1800 4198 ori.
