2984 4892
524 413 684 482 oxvi

523 574 650 630 mini
672 569 939 623 credibilia
964 574 1084 621 sunt
1115 569 1161 621 C
1194 574 1255 621 18
1319 585 1436 620 cum
1461 561 1597 620 con-⁸

523 639 696 690 sidero
733 653 848 703 qum
871 635 1101 687 conditio
1133 636 1258 685 vltae
1281 633 1456 686 futura
1497 636 1584 698 sit,

521 703 622 754 nisi
637 709 840 753 nosmet
857 702 997 766 ipsos
1015 701 1331 751 vindicamus
1352 701 1404 750 in
1425 700 1583 751 liber-

523 775 685 818 tatem
711 768 755 817 C
776 772 841 817 20
908 781 1075 828 agam,
1099 766 1196 815 nisi
1219 764 1355 816 forte
1380 781 1460 815 me
1479 765 1584 815 ani-

523 848 638 883 mus
680 831 817 882 fallit
855 834 984 883 020
1047 846 1200 897 quam
1236 845 1387 880 nemo
1418 831 1583 881 bonus

523 898 625 948 nisi
664 912 782 947 cum
822 897 992 947 anima
1035 896 1228 945 amittit
1268 896 1312 944 C
1350 899 1413 945 88
1477 911 1584 945 mo·

522 963 703 1013 (leatus
722 961 788 1013 ad
822 962 922 1012 alis
942 962 1114 1011 omnis
1134 960 1232 1011 nisi
1267 959 1329 1009 ad
1353 960 1584 1010 domina-

525 1028 719 1077 tionem
760 1028 801 1076 F
822 1032 938 1088 292,
966 1031 1029 1076 22
1094 1026 1194 1075 nisi
1227 1025 1367 1076 sorte
1407 1027 1585 1090 Paos,

503 1097 588 1156 ‘14
656 1107 784 1156 pace
806 1090 906 1140 frui
943 1092 1122 1141 liceret
1161 1091 1255 1140 nisi
1293 1090 1469 1140 hostes
1492 1106 1584 1156 op-

521 1158 813 1221 portuni-et
830 1156 1175 1208 scelestissimi
1201 1156 1242 1204 F
1263 1159 1379 1217 812,
1400 1160 1432 1205 8
1500 1171 1585 1220 pa-

522 1237 634 1271 rum
668 1223 1006 1300 comperimus
1029 1220 1125 1270 nisi
1155 1221 1275 1286 qnia
1310 1220 1410 1271 fuit
1449 1221 1483 1272 J
1519 1226 1584 1271 07

523 1286 592 1337 ab
614 1287 833 1364 negotiis
856 1281 1115 1351 nun'quam
1149 1287 1391 1352 voluptas
1422 1300 1586 1336 remo-

522 1358 642 1401 rata
663 1353 760 1402 msi
782 1352 918 1416 qnod
942 1352 1008 1402 de
1031 1365 1191 1401 uxore
1214 1352 1384 1416 potuit
1406 1352 1587 1401 hones-

523 1417 626 1465 tius
648 1418 850 1466 consuli
887 1418 920 1469 J
944 1421 1006 1467 95
1074 1413 1367 1466 faciendum
1391 1417 1488 1466 nisi
1510 1417 1585 1466 in-

523 1480 728 1544 dicaret
757 1483 800 1531 C
822 1485 888 1531 48
953 1482 1049 1531 hoc
1074 1482 1171 1530 nisi
1210 1481 1495 1545 provideris
1518 1497 1583 1531 ne

523 1547 732 1596 accidat
768 1548 896 1597 052
927 1547 1213 1610 ‘ignoscite
1253 1545 1352 1595 nisi
1392 1547 1582 1596 iterum

511 1611 624 1675 jam
646 1612 828 1676 patriae
850 1612 1038 1661 bellum
1059 1611 1187 1661 fecit
1205 1612 1247 1662 C
1266 1616 1332 1660 52
1386 1614 1584 1675 pleros·

523 1691 626 1740 qne
647 1683 885 1727 senectus
921 1676 1156 1726 dissolvit
1193 1676 1290 1725 nisi
1330 1676 1418 1740 qui
1443 1674 1582 1725 ferro

522 1740 771 1792 interiere
806 1742 839 1793 J
874 1747 939 1791 20
994 1741 1233 1804 jumenta
1262 1741 1476 1790 sarcinis
1512 1742 1582 1790 le-

522 1806 634 1855 vari
672 1807 817 1856 'ubet
840 1806 936 1855 nisi
971 1806 1233 1856 frumento
1263 1806 1463 1856 dierum
1494 1806 1582 1855 de-

522 1885 637 1920 cem
715 1876 778 1921 75
847 1873 996 1935 plura
1018 1872 1247 1921 scribere
1278 1871 1585 1921 dehortatur

519 1933 727 1985 fortuna
747 1951 881 1998 mea,
912 1940 1012 1986 ὅτε.
1079 1936 1194 1986 Nisi
1231 1943 1401 1986 tamen
1435 1937 1585 1986 intel·

522 1999 645 2063 ligo.
677 2001 755 2064 (in
801 1999 1052 2065 princip.)
1088 2001 1122 2053 J
1159 2006 1221 2050 24
1288 2001 1347 2064 (i.
1386 2016 1434 2052 e.
1471 2002 1584 2066 sed,

521 2079 665 2115 more
690 2065 1018 2130 Graecorum)
1041 2072 1096 2115 ut
1116 2081 1254 2130 saepe
1281 2069 1410 2115 Cato
1427 2066 1494 2116 de
1515 2067 1581 2116 R.

523 2130 588 2179 R.
608 2139 663 2180 et
684 2132 890 2180 Terent.
916 2130 1079 2180 Andr.
1109 2132 1296 2180 Nescio
1318 2131 1415 2180 nini
1437 2133 1580 2181 Deos

522 2192 681 2244 fuisse
707 2197 864 2245 iratos
902 2196 1022 2244 mihi
1061 2194 1185 2244 scio.
1253 2197 1322 2245 Et
1347 2198 1581 2246 Eunuch.

522 2259 743 2323 Nequeo
765 2263 894 2309 satis
917 2261 1089 2309 mirari
1114 2274 1282 2324 neque
1305 2263 1584 2325 conjicere,

520 2324 616 2372 nisi
659 2325 904 2389 quicquid
941 2334 1041 2388 est,
1078 2327 1256 2388 procul
1296 2326 1415 2375 hinc
1453 2327 1584 2378 libet

522 2388 664 2453 prius
704 2389 828 2453 quid
866 2390 952 2451 sit,
972 2390 1237 2440 sciscitari.
1263 2391 1372 2441 Cic.
1395 2392 1461 2440 ad
1489 2392 1585 2442 At·

525 2454 618 2504 tic.
670 2455 784 2502 Nisi
810 2462 982 2503 tamen
1004 2454 1058 2503 id
1080 2455 1184 2504 erit
1206 2457 1329 2505 milii
1353 2458 1583 2520 gratissi-

516 2533 674 2568 mum.
743 2520 855 2568 Nisi
881 2518 1036 2584 forte.
1074 2519 1152 2584 (in
1175 2520 1426 2586 princip.)
1462 2523 1495 2573 J
1518 2527 1578 2573 81

518 2583 621 2648 (bis
667 2583 718 2632 in
743 2584 924 2633 eadem
944 2584 1228 2648 sententia)
1264 2586 1296 2637 J
1323 2590 1384 2636 81
1452 2588 1580 2652 quid

519 2663 853 2767 Responsuros
869 2649 1099 2710 creditis,
1116 2651 1213 2700 nisi
1229 2666 1341 2700 sese
1358 2652 1581 2702 voluisse

580 2719 643 2763 85

586 2779 769 2829 Nisni:
807 2795 923 2844 quae
941 2780 1096 2830 dubia
1111 2781 1246 2830 nisui
1269 2781 1582 2832 videbantur

519 2844 556 2896 J
578 2848 643 2894 94
711 2846 848 2894 saxis
891 2846 1233 2896 eminentibus
1269 2847 1410 2896 nisus
1447 2848 1481 2898 J
1514 2852 1578 2897 98

523 2910 598 2957 nti
641 2925 735 2973 per
771 2925 897 2958 saxa
918 2909 1117 2960 facilius
1155 2911 1288 2960 foret
1324 2912 1356 2962 J
1381 2916 1444 2960 94
1511 2913 1579 2962 ab

523 2973 872 3023 adolescentia
896 2976 971 3025 ita
994 2991 1047 3025 se
1072 2977 1264 3025 enisum
1282 2977 1314 3028 J
1335 2982 1398 3026 22
1447 2993 1580 3026 snm-

521 3053 607 3088 ma
643 3054 741 3104 ope
766 3054 829 3088 ne
854 3041 955 3088 tale
979 3040 1245 3089 deci-etum
1272 3041 1419 3090 lieret
1455 3043 1488 3092 J
1514 3047 1577 3091 25

518 3105 668 3152 simul
697 3106 922 3152 eniterer
944 3104 1078 3154 domi
1102 3107 1399 3170 militiaeque
1423 3121 1580 3170 qnam

517 3170 742 3218 maximo
780 3170 891 3218 insui
918 3186 1029 3220 esse
1055 3172 1116 3219 P.
1143 3172 1204 3219 R.
1244 3170 1276 3221 J
1305 3175 1362 3219 14
1430 3173 1581 3221 eniti·

518 3234 641 3282 mini
676 3235 708 3284 J
737 3239 799 3282 10
865 3235 951 3283 ubi
976 3236 1134 3283 virtus
1155 3238 1442 3284 enitescere
1467 3251 1583 3299 pos·

517 3307 598 3346 set
642 3301 684 3347 C
727 3304 789 3348 54
869 3300 1094 3360 singulos
1138 3316 1203 3348 ex
1244 3303 1439 3352 Senatu
1475 3317 1581 3350 am·

518 3362 706 3411 biendo
729 3365 1029 3412 nitebantur
1068 3379 1131 3413 ne
1157 3365 1363 3427 gravius
1388 3367 1438 3413 in
1460 3381 1580 3416 eum

517 3429 875 3477 consuleretur
913 3429 946 3478 J
973 3433 1034 3477 18
1102 3431 1287 3493 gratia,
1307 3445 1452 3491 voce,
1487 3445 1580 3481 sua

518 3492 795 3606 gnaai,pro
835 3493 998 3556 gloria
1037 3495 1068 3545 J
1114 3498 1174 3543 18
1239 3494 1305 3543 ad
1347 3504 1399 3545 te
1437 3497 1580 3545 inva-

556 3557 742 3606 endum
769 3557 1067 3609 nitentibus.
1132 3560 1307 3610 Valer.
1330 3560 1406 3621 iii,
1428 3566 1477 3610 2.
1504 3562 1578 3612 sic

516 3621 641 3671 Asc.
662 3633 710 3672 et
734 3624 835 3674 Ma.
859 3624 1029 3676 Hack.
1049 3624 1197 3688 male,
1218 3625 1580 3676 invadentibus

516 3688 802 3736 nitendum.
873 3690 1105 3740 Frontiu.
1151 3691 1185 3750 i,
1226 3694 1305 3740 11.
1365 3705 1417 3754 p.
1465 3696 1578 3741 180.

515 3751 647 3801 Mas.
666 3758 714 3801 2.
737 3761 791 3802 nt
811 3754 1078 3803 decumani
1099 3756 1408 3818 niterentur,
1427 3757 1579 3820 aliter

516 3817 636 3867 edd.
710 3820 862 3868 Boisst.
931 3819 998 3868 iv.
1069 3820 1160 3868 Pr.
1218 3821 1272 3870 ii.
1343 3821 1579 3871 manibus

516 3882 703 3932 nitens.
771 3886 845 3933 Ea
885 3884 1060 3933 radice
1099 3885 1479 3946 nitentibnsiv,
1514 3887 1577 3937 P.

518 3952 567 3997 8.
615 3950 719 3997 suis
761 3950 949 3998 viribus
997 3951 1178 4000 virtus.
1230 3949 1354 3999 ibid.
1395 3951 1485 4001 Pr.
1528 3956 1576 4002 7.

517 4012 714 4062 frustra
756 4025 925 4062 autem
971 4015 1087 4072 niti,
1128 4030 1297 4079 neque
1339 4017 1478 4065 aliud
1522 4032 1576 4066 se

517 4075 780 4141 fatigando
834 4081 929 4126 nisi
974 4079 1146 4128 odium
1190 4093 1441 4143 qua-rere,
1491 4097 1579 4129 ex-

515 4148 697 4191 tremae
718 4143 991 4193 deu-entire
1016 4146 1045 4194 J
1072 4150 1100 4193 8
1169 4145 1388 4195 maxime
1412 4160 1512 4209 ope
1541 4147 1574 4198 J

516 4201 578 4255 ‘17
647 4223 746 4257 non
789 4211 931 4271 prius
972 4209 1140 4258 oiiuisit
1174 4217 1360 4258 contra
1400 4225 1575 4260 verum

514 4270 609 4343 niti
647 4273 680 4322 J
706 4277 767 4322 85
835 4288 895 4320 eo
935 4274 1183 4322 intentior
1204 4275 1268 4323 ad
1304 4276 1576 4325 victoriam

514 4333 612 4381 mti
633 4334 667 4384 J
688 4341 750 4384 55
820 4338 1069 4387 acerrime
1089 4339 1123 4390 J
1143 4343 1209 4388 00
1273 4341 1577 4405 corporibus

1183 428 1258 476 IN
1274 428 1424 476 DEX
1474 424 2024 475 GRAMMATICUS

1658 569 1758 619 linc
1780 575 1834 619 et
1856 568 1980 619 illuc
1999 567 2144 632 quasi
2167 565 2436 618 vitabundi
2456 568 2493 620 J
2516 572 2587 618 00
2628 568 2721 623 affl

1657 633 1811 684 modo
1835 649 1895 684 ac
1917 633 2092 683 statim
2115 632 2393 682 concidere
2415 634 2449 684 J
2475 638 2572 685 101
2637 636 2725 687 illh

1657 712 1783 749 vera
1806 699 1889 748 via
1908 700 2093 750 nititur
2128 698 2171 747 C
2196 702 2256 747 11
2326 699 2529 748 Cirtam
2551 699 2725 751 irrum-

1657 779 1783 828 pere
1817 766 1851 816 J
1874 771 1936 814 25
2004 764 2070 813 ad
2110 762 2380 827 pecuniam
2414 764 2724 831 nititurque

1658 829 1846 894 cuique
1871 829 2012 878 lubet
2040 830 2082 877 F
2102 832 2218 889 854,
2237 831 2269 875 2
2335 826 2402 876 ad
2427 828 2648 892 imperia
2670 840 2726 881 et

1656 895 1875 943 honores
1918 908 2014 971 per
2053 893 2323 943 latrocinia
2363 894 2539 959 potius
2577 909 2723 959 quam

1658 959 1808 1009 bonis
1832 959 2031 1009 artibus
2046 959 2079 1010 J
2104 962 2135 1008 4

1724 1024 1944 1075 Nobiles
1978 1024 2113 1074 dorni
2154 1024 2197 1072 C
2220 1026 2284 1072 17
2349 1021 2652 1075 inertissimi
2683 1026 2726 1074 1³

1659 1094 1776 1151 850,
1798 1095 1831 1139 2
1860 1147 1871 1154 ⁸
1894 1088 2125 1139 homines
2143 1088 2187 1138 1³
2221 1091 2337 1152 858,
2359 1092 2390 1137 7
2456 1089 2624 1142 nobili
2644 1105 2726 1154 ge·

1659 1169 1783 1204 nere
1828 1160 1980 1204 natus
2026 1154 2070 1203 C
2107 1160 2137 1203 5
2207 1153 2317 1204 Cic.
2358 1159 2405 1203 1.
2442 1153 2515 1204 de
2553 1154 2728 1214 Diria,

1661 1219 1838 1269 Nobili
1860 1221 1977 1269 loco
1997 1224 2173 1281 natus,
2204 1226 2260 1268 et
2285 1233 2493 1282 genere.
2519 1221 2722 1269 verrin.

1659 1289 1708 1334 7.
1745 1299 1896 1348 reges
1931 1286 2140 1349 (nornen
2181 1284 2383 1347 imperii
2422 1283 2480 1332 id
2506 1284 2724 1348 primum

1657 1348 1784 1414 fnit)
1824 1351 1922 1400 02
1987 1349 2186 1413 virgine
2227 1350 2269 1398 C
2300 1352 2363 1398 15
2430 1349 2654 1400 muliere
2682 1351 2723 1401 C

1658 1418 1721 1463 24
1788 1414 2091 1465 adolescens
2144 1414 2187 1463 C
2234 1418 2298 1463 18
2361 1407 2516 1478 Sylla
2562 1416 2727 1480 gentis

1657 1480 1895 1542 patriciae
1934 1478 2121 1528 nobilis
2143 1478 2247 1529 fuit
2278 1479 2311 1530 J
2337 1483 2402 1528 95
2474 1478 2726 1546 factisque

1657 1542 1882 1594 fortibus
1926 1546 1968 1593 F
2008 1548 2123 1608 851,
2166 1548 2231 1593 20
2286 1544 2475 1594 Cie.4.
2522 1546 2726 1597 Vern‘u.

1657 1607 1857 1659 facinus
1902 1608 2091 1660 nobile.
2145 1616 2200 1659 et
2256 1607 2479 1659 factum.
2538 1610 2725 1661 Silius:

1658 1675 1966 1740 Nomenque
2020 1675 2157 1723 band
2201 1675 2367 1725 mium
2410 1691 2575 1738 quarn
2634 1677 2725 1726 Ro-

1657 1754 1863 1790 manum
1887 1739 2061 1789 nobile
2084 1740 2222 1789 bello
2256 1740 2521 1789 sentietis.
2557 1741 2726 1791 Livius

1661 1809 1706 1855 1.
1730 1806 1791 1854 B.
1815 1805 2026 1855 Maced.
2062 1820 2177 1869 quae
2210 1812 2562 1868 tempestates
2580 1808 2727 1856 homi·

1657 1885 1777 1919 num
1818 1870 2065 1920 nobilium
2108 1871 2151 1919 F
2186 1874 2301 1932 852,
2347 1874 2405 1919 17
2478 1874 2631 1934 plera
2666 1887 2727 1921 ue

1656 1935 1902 1996 nobilitas
1928 1935 2121 1985 invidia
2144 1935 2399 1985 estuabat
2421 1937 2468 1986 C
2496 1940 2561 1985 28
2654 1952 2729 1986 ac-

1657 1999 1801 2049 tione
1823 2000 1983 2064 magis
2005 2000 2239 2065 pollebat
2272 2001 2305 2051 J
2328 2005 2390 2050 «ss
2464 2000 2624 2051 noxis
2656 2008 2730 2051 at·

1659 2079 1760 2131 qne
1780 2080 1844 2115 eo
1867 2066 2109 2130 perculsa
2140 2065 2174 2117 J
2197 2069 2264 2115 42
2327 2079 2395 2114 ex
2417 2066 2623 2116 virtute
2645 2081 2729 2116 no·

1660 2130 1838 2180 bilitas
1877 2130 2038 2195 coepit
2076 2132 2109 2182 J
2141 2135 2202 2180 85
2271 2132 2395 2193 qnia
2429 2132 2560 2181 mibi
2600 2148 2728 2182 nova

1660 2195 1900 2245 nobilitas
1941 2204 2019 2245 est
2057 2196 2092 2248 J
2115 2200 2179 2244 85
2245 2211 2463 2261 quorum
2489 2212 2559 2247 ex
2585 2199 2724 2247 nobi-

1658 2262 1806 2310 litate
1828 2261 2051 2311 maxima
2072 2275 2189 2324 pars
2211 2269 2325 2310 erat
2357 2262 2400 2310 C
2421 2265 2491 2310 48
2560 2261 2673 2311 susa
2692 2262 2727 2313 J

1659 2331 1721 2376 05
1788 2327 1987 2376 hostem
2043 2324 2203 2376 ferire
2254 2341 2494 2390 magnam
2552 2328 2727 2377 nobili-

1661 2396 1823 2440 tatem
1866 2391 2120 2455 putabant
2159 2391 2254 2441 (37
2323 2392 2614 2443 vindictam
2646 2408 2728 2442 no-

1662 2455 1877 2506 bilitatis
1918 2456 1970 2505 in
2007 2456 2213 2520 plebem
2255 2465 2575 2507 exercuerat
2609 2459 2726 2509 ,110

1658 2520 2587 2639 ἔζέιῗέἓὲ“αἷέ’ἕί.ἕιὶἰῗῗι’ἰὲἓῗὲ“ῧ’
2609 2525 2642 2576 ³
2665 2529 2723 2574 ⁸⁵

1655 2717 1688 2768 J
1712 2650 2082 2702 Nocentissimi
2095 2649 2354 2717 iidemque
2366 2625 2725 2716 superbissimi

1722 2782 1896 2832 Nocte
1940 2782 2255 2846 intempesta
2301 2782 2346 2832 C
2384 2787 2449 2832 27
2520 2793 2723 2835 noctem

1656 2860 1752 2910 pro
1771 2862 1825 2896 se
1847 2848 1946 2896 rati
1964 2848 1997 2899 J
2017 2854 2082 2897 98
2132 2856 2341 2898 noctem
2358 2849 2566 2911 agitare
2574 2850 2726 2926 jubet

1655 2911 1793 3026 giiii?
1820 2914 2206 3028 izqgeatri'ilmznff
2231 2923 2723 3040 Fpsspgctgffidug

2393 3044 2434 3092 F
2491 3049 2612 3106 sao,
2665 3048 2725 3093 19

1656 3114 1939 3171 noctesque
1957 3106 2202 3157 festinare
2224 3110 2267 3157 C
2285 3113 2349 3158 27
2418 3110 2723 3175 pierumque

1655 3172 1822 3238 noctis
1840 3173 1871 3222 J
1895 3177 1960 3220 98
2025 3182 2182 3221 noctu
2205 3174 2237 3224 J
2267 3177 2329 3222 12

1722 3238 1957 3286 Nomen:
2003 3252 2152 3300 reges
2193 3247 2333 3302 (nam
2381 3237 2434 3286 in
2479 3240 2637 3288 tern‘s
2672 3238 2720 3287 id

1655 3303 2067 3364 nomenimperii
2092 3303 2308 3365 primum
2346 3301 2477 3366 suit)
2517 3306 2723 3366 diversi,

1655 3380 1789 3430 pars,
1810 3370 1909 3414 ἃς.
1945 3368 1988 3416 C
2011 3371 2042 3416 2
2112 3368 2336 3416 Nomina
2358 3369 2579 3432 propria
2602 3369 2717 3434 quia

1656 3431 1903 3496 specialia
1924 3433 2069 3480 unius
2088 3432 2226 3481 enim
2263 3441 2438 3482 tamen
2473 3435 2594 3498 lege
2616 3441 2720 3483 tn-

1655 3504 1762 3545 tum
1788 3511 2057 3559 personam
2078 3495 2375 3560 significant
2399 3514 2413 3545 =
2454 3497 2584 3548 isid.
2604 3499 2641 3558 i,
2667 3503 2717 3547 0.

1654 3562 1728 3611 sic
1772 3562 1897 3610 Mss.
1942 3562 2005 3610 B.
2053 3561 2188 3610 Pub.
2234 3562 2387 3611 Trin.
2432 3571 2491 3613 et
2540 3563 2715 3613 Pes-b.

1655 3626 1788 3690 Imp.
1802 3625 2087 3688 legitimum
2104 3640 2287 3676 nomen
2302 3626 2511 3689 imperii
2526 3628 2715 3690 redunt

1653 3690 1916 3740 habebant
1953 3691 1994 3740 C
2017 3696 2050 3740 0
2115 3692 2231 3742 utili
2272 3692 2435 3740 labori
2475 3707 2597 3742 meo
2630 3707 2715 3741 no·

1655 3771 1772 3805 men
1812 3755 2013 3805 inertioe
2048 3757 2310 3819 imponant
2352 3756 2385 3807 J
2410 3760 2442 3805 4
2510 3755 2712 3806 famili·

1655 3821 1708 3870 in
1722 3821 1972 3885 Hispania
1984 3829 2285 3870 renovatum
2304 3828 2386 3870 est
2400 3822 2434 3873 J
2457 3826 2519 3871 10
2540 3836 2711 3874 eorum

1653 3899 1933 3949 corrupere
1955 3887 2222 3949 paullatim
2245 3886 2278 3937 J
2307 3890 2368 3935 18
2434 3902 2532 3949 per
2548 3887 2711 3937 socios

1653 3960 1709 4002 et
1732 3965 1917 4001 nomen
1942 3953 2177 4001 Latinum
2200 3952 2230 4002 J
2257 3955 2321 3999 42
2389 3952 2454 3999 ab
2476 3953 2628 4001 sociis
2656 3958 2710 4000 et

1652 4017 1857 4067 nomine
1895 4017 2057 4065 latino
2094 4017 2125 4066 J
2152 4020 2218 4064 89
2284 4031 2377 4080 pro
2411 4023 2522 4064 tota
2543 4025 2709 4078 gente,

1650 4081 1846 4132 Justin.
1879 4087 1929 4146 5,
1959 4085 2010 4143 0,
2031 4084 2082 4129 4.
2133 4095 2197 4129 ex
2240 4095 2295 4127 re
2330 4080 2551 4129 inditum
2588 4082 2621 4132 J
2644 4085 2704 4129 78

1651 4147 1782 4194 sicut
1828 4147 1879 4194 in
1922 4155 2095 4195 statua
2132 4157 2322 4208 preter
2364 4160 2548 4194 nomen
2586 4145 2705 4194 nibil

1652 4218 1733 4260 est
1755 4211 2093 4261 additamenti
2135 4211 2172 4258 F
2192 4213 2307 4270 856,
2328 4214 2359 4257 8
2426 4211 2479 4258 in
2502 4219 2701 4272 geaten

1649 4287 1936 4339 nomenque
1958 4275 2321 4339 imperantium
2336 4288 2639 4324 concessere
2666 4273 2699 4324 J

1652 4345 1714 4392 18
1789 4354 2081 4406 nomenque
2124 4339 2425 4390 Danubium
2472 4339 2622 4390 habet
2657 4337 2701 4388 F

1658 3041 1924 3105 quiescere
1980 3044 2091 3092 sine
2147 3051 2320 3093 scorto
