2984 4892
476 346 566 424 '4⁷0
1084 390 1091 399 ·
1296 369 1397 419 nn
1438 365 1858 418 sAnnusno

476 520 677 588 stadii
704 504 1139 596 intervallum,
1178 515 1362 601 quod
1406 535 1542 580 uno
1569 517 1808 600 spiritu
1837 512 2222 581 confeceris.
2308 512 2416 581 Ac
2445 462 2710 581 coasta-

476 624 782 689 videmus
810 622 1195 687 Sallustium
1240 621 1482 703 ipsum,
1526 638 1682 683 cum
1723 618 1887 702 quid
1925 618 2130 682 semel
2174 617 2527 684 dicendum
2569 636 2684 683 as-

476 726 740 804 sumsit,
770 725 939 790 adeo
961 729 1260 810 perstare
1285 728 1364 787 ut
1389 740 1844 805 saepenumero
1872 720 2093 805 egredi
2115 721 2439 799 videatur,
2466 724 2591 786 stc.

1444 895 1730 962 Ibidem.

568 1035 811 1119 Neque
875 1054 1035 1100 vero
1105 1033 1517 1114 Sallustium,
1574 1034 2041 1120 politissimum
2116 1036 2473 1108 auctorem,
2523 1028 2687 1114 reji-

472 1138 666 1206 ciunt
692 1134 1215 1220 (Ciceroniani):
1284 1135 1407 1202 sed
1449 1138 1720 1202 anxium
1765 1136 1928 1201 iflud
1975 1140 2176 1220 atque
2205 1133 2550 1199 insititiam
2577 1132 2686 1197 di·

476 1240 674 1307 cendi
704 1258 936 1324 genus,
962 1238 1081 1305 sed
1101 1239 1312 1305 multa
1336 1239 1804 1324 superstitiosa
1834 1239 2057 1304 verba.

1241 1411 1431 1478 Idem
1462 1411 1651 1477 Poet.
1683 1428 1784 1477 ιν.
1811 1411 1923 1477 24.

566 1546 785 1628 Quasi
822 1567 986 1613 vero
1029 1547 1570 1613 commentarium
1617 1545 1955 1631 scripserit
1977 1544 2111 1623 ille,
2140 1562 2274 1609 non
2304 1540 2682 1609 Historiam

476 1650 834 1737 pleniorem
855 1671 876 1732 ;
920 1650 1036 1734 qui
1063 1650 1153 1713 sit
1176 1648 1508 1715 Historiae
1537 1652 1726 1732 pater
1751 1647 2148 1732 appellatus.

472 1888 479 1897 -
1384 1839 1472 1905 Et
1503 1856 1619 1905 111.
1653 1840 1764 1907 96.

470 1996 481 2005 ’
565 1974 935 2040 Ambitiose
989 1974 1188 2057 igitur
1242 1973 1487 2039 secisse
1533 1974 1795 2039 videtur
1843 1973 2200 2039 Sallustius
2258 1972 2682 2057 quibusdam,

478 2076 659 2162 quod
688 2075 1049 2140 Poetarum
1075 2096 1278 2155 more,
1311 2095 1464 2140 cum
1513 2076 1729 2141 dicere
1777 2095 1968 2141 orsus
2014 2080 2193 2140 esset
2242 2074 2325 2139 de
2365 2073 2681 2151 Catilina,

476 2178 732 2242 omissa
786 2198 872 2243 ea
925 2179 1292 2245 narratione
1356 2182 1597 2265 repetit
1649 2179 1994 2245 historiam
2053 2179 2140 2242 ab
2204 2177 2371 2261 ipsis
2426 2175 2683 2240 ultimis

476 2276 721 2360 Romae
752 2278 1157 2345 rudimentis.
1248 2279 1397 2345 Nos
1425 2282 1645 2346 virum
1692 2299 1818 2346 suo
1845 2281 1937 2345 -in
1981 2299 2210 2364 genere
2253 2283 2684 2363 praestantem

477 2399 629 2446 cum
656 2386 835 2447 recte
862 2386 1001 2446 tum
1027 2384 1405 2448 necessario
1451 2383 1692 2449 fecisse
1729 2384 2150 2470 judicamus:
2213 2389 2288 2447 ut
2316 2380 2685 2446 ostenderet

380 2490 389 2499 '
472 2488 863 2568 corruptam
892 2483 1251 2564 civitatem,
1283 2486 1478 2571 cujus
1507 2493 1575 2551 et
1601 2506 1761 2569 pars
1789 2494 1967 2552 esset
1996 2483 2308 2551 Catilina.

1256 2657 1550 2724 Joannes
1578 2658 1907 2724 Bodinus.

566 2787 678 2854 De
707 2788 1053 2868 Sallustio,
1085 2790 1264 2875 quod
1292 2792 1516 2863 omnia
1541 2791 1677 2858 fere
1720 2792 1869 2877 ejus
1913 2792 2164 2876 scripta
2202 2790 2681 2869 interciderunt,

477 2892 737 2957 nonita
761 2891 960 2958 facile
994 2893 1283 2977 judicari
1310 2900 1560 2978 potest,
1606 2913 1694 2958 ex
1744 2895 1831 2958 iis
1881 2900 2126 2971 tamen,
2156 2913 2309 2976 quae
2338 2892 2680 2970 habemuS,

475 2993 959 3077 integerrimum
1001 2997 1392 3079 scriptorem
1437 3001 1506 3061 et
1548 3015 1765 3059 rerum
1811 3015 2195 3078 magnarum
2232 3014 2354 3058 usu
2397 2995 2682 3077 peritum

472 3094 687 3159 fuisse
713 3100 973 3161 constat
998 3116 1017 3177 ;
1041 3101 1115 3159 ut
1137 3097 1314 3160 enim
1339 3097 1383 3161 J
1390 3096 1806 3179 ugurthinum
1831 3097 2074 3161 bellum
2091 3096 2316 3161 verius
2345 3096 2682 3175 scriberet,

476 3197 549 3262 iu
574 3195 876 3262 Africam
902 3216 1114 3281 usque
1139 3200 1483 3282 navigavit
1506 3221 1526 3281 ;
1569 3201 1775 3265 libere
1802 3206 2021 3266 tamen
2048 3199 2131 3264 de
2159 3200 2355 3264 rebus
2375 3198 2681 3283 judicat3

348 3373 360 3386 .
479 3299 645 3384 quid
685 3299 863 3363 enim
900 3298 1169 3366 liberius
1197 3307 1321 3379 est,
1354 3321 1556 3386 quam
1583 3303 1655 3367 in
1681 3322 1815 3367 uno
1846 3301 2116 3368 Caesare
2159 3306 2225 3366 et
2260 3301 2510 3367 Catone
2538 3298 2683 3367 Ro·-

474 3418 819 3468 manorum
845 3401 1137 3467 omnium
1163 3403 1342 3470 illius
1371 3407 1595 3471 aetatis
1624 3405 1951 3471 collocare
1977 3406 2285 3471 virtutem
2305 3406 2336 3469 ‘t

1278 3575 1326 3641 J
1327 3581 1524 3642 ustus
1571 3576 1871 3663 Lipsius.
2537 3642 2546 3655 ,

470 3722 481 3743 ·
562 3705 679 3771 Ex·
701 3708 787 3773 iis
816 3709 932 3793 qui
978 3718 1311 3793 superant,
1357 3710 1435 3777 C.
1479 3712 1717 3778 Caesar
1760 3714 2065 3778 laudatur
2114 3711 2451 3797 inprimis:
2518 3710 2578 3774 si
2607 3714 2684 3774 ut

477 3809 766 3876 disertus
789 3817 1121 3893 narrator;
1165 3813 1382 3880 libens
1412 3818 1744 3881 assentio:
1809 3820 1913 3881 est
1942 3816 2117 3880 enim
2161 3814 2306 3899 ejus
2350 3813 2475 3879 viri
2512 3829 2687 3896 pura

474 3914 688 3978 oratio
714 3915 858 3979 sine
882 3913 1041 3978 fuco
1070 3934 1152 3979 ac
1179 3917 1574 3982 calamistris
1603 3922 1853 3997 ornata,
1875 3916 1983 3981 vel
2013 3915 2339 3981 Romanis
2366 3914 2474 3979 vel
2501 3912 2684 3979 Atti-

477 4015 580 4079 cis
610 4013 830 4085 Musis
859 4016 1285 4101 dignissima:
1349 4020 1451 4084 sin
1470 4025 1547 4085 ut
1571 4020 1905 4104 perfectus
1932 4018 2321 4098 historicus3
2378 4016 2686 4081 dubitare

476 4136 584 4181 me
609 4116 855 4199 dicam,
885 4139 1039 4185 cum
1067 4126 1137 4186 et
1164 4121 1460 4186 nonnulli
1498 4120 1716 4187 fidem·
1738 4122 1882 4207 ejus
1915 4121 1999 4185 'in
2045 4119 2321 4184 historia
2369 4119 2553 4183 civili
2579 4138 2684 4184 re-

478 4218 758 4305 quirant,
788 4225 855 4286 et
897 4223 1160 4289 tertium
1209 4222 1377 4290 illud
1422 4221 1604 4302 ἠθικὸν
1649 4225 1746 4289 καὶ
1789 4220 2082 4288 πολιτικὸν
2126 4224 2339 4288 totum
2380 4221 2443 4286 ei
2489 4217 2681 4287 desit.
