2984 4892
636 785 891 863 CAII
975 783 1377 862 emspl
1456 782 2092 862 SALLUSTII

786 1094 1934 1191 HI-STORIARUM

490 1434 2235 1630 FRAGMENTA.

1080 1869 1634 1882 ———————·—-

1076 1890 1634 1908 ψ

1087 2164 1427 2243 LIBER
1467 2166 1612 2242 IV.

252 2336 384 2431 Ar
436 2361 563 2430 Cn.
601 2363 926 2432 Lentulus
952 2367 1261 2452 patriciae
1290 2368 1533 2453 gentis,
1568 2368 1826 2453 collega
1868 2368 2038 2456 ejus„
2069 2367 2179 2435 cui
2221 2388 2459 2455 cogno·

249 2475 533 2536 mentum
603 2466 932 2535 Clodiano
998 2469 1150 2552 fuit,
1210 2471 1651 2557 perincertum
1709 2470 2013 2537 stolidior
2064 2490 2150 2537 an
2205 2470 2456 2552 vanior,

250 2571 451 2654 legem
479 2570 564 2634 de
586 2571 899 2656 pecunia,
920 2592 1123 2658 quam
1149 2572 1342 2659 Sylla
1360 2571 1718 2639 emtoribus
1745 2573 2068 2640 bonorum
2095 2574 2459 2656 remiserat,

248 2674 569 2760 exigenda
595 2676 1069 2759 promulgavit.
1156 2674 1371 2765 Agell.
1404 2693 1634 2742 xv111.
1664 2679 1728 2742 4’.

327 2777 607 2856 Omnes,
664 2779 914 2864 quibus
960 2785 1135 2847 aetas
1185 2788 1451 2848 senecto
1502 2799 1803 2866 corpore,
1855 2780 2111 2845 animus
2158 2779 2460 2848 militaris

248 2886 398 2945 erat.
488 2877 810 2944 Priscian.
837 2880 953 2945 lib.
988 2899 1099 2947 lx.
1129 2887 1197 2948 et
1226 2900 1308 2949 x.

324 2981 511 3048 Dein
548 2983 753 3048 lenita
787 2982 933 3068 jam
971 2983 1096 3063 ira,
1138 2987 1407 3070 postero
1456 2985 1566 3050 die
1617 2984 2000 3049 liberalibus
2044 2985 2267 3049 verbis
2311 3002 2459 3067 per-

246 3084 472 3150 mulcti
499 3089 679 3149 sunt.
751 3080 919 3148 Idem
947 3087 994 3151 l.
1024 3103 1137 3152 lx.

323 3185 684 3272 Implicitae
713 3193 890 3253 rates
919 3187 1283 3254 ministeria
1308 3187 1773 3271 prohibebant.
1834 3183 2013 3250 Idem
2042 3184 2295 3251 ibidem.

322 3287 535 3373 Igitur
578 3290 877 3373 legiones
917 3290 1137 3375 pridie
1176 3292 1246 3355 in
1276 3294 1495 3355 monte
1523 3289 1784 3375 positas
1830 3290 2199 3356 arcessivit.
2281 3287 2458 3357 Idem

241 3387 284 3451 l.
321 3412 394 3457 x,
1509 3414 1522 3428 ³

319 3492 594 3561 Anxius
625 3494 853 3573 animi,
884 3499 1087 3580 atque
1113 3494 1425 3561 incertus.
1515 3495 1819 3560 Arusian.

322 3595 643 3682 Magnam
672 3617 957 3663 exorsus
987 3597 1375 3665 orationem.
1438 3596 1640 3666 Idem.

322 3698 695 3784 lummene,
720 3709 792 3767 et
817 3702 1061 3767 nimius
1091 3703 1296 3766 animi
1325 3708 1446 3768 est.
1507 3700 1701 3766 Idm.

319 3798 797 3888 Amisumque⁸
855 3803 1163 3871 assideri*
1214 3807 1355 3870 sine
1403 3806 1662 3892 praeliis
1721 3805 2057 3871 audiebat.
2134 3801 2454 3870 Priscian.

239 3900 283 3966 l.
308 3920 476 3970 vul.
525 3909 546 3939 ‘
574 3901 841 3971 Obsideo
869 3914 940 3974 et
961 3905 1194 3974 assideo
1223 3909 1446 3976 activa
1475 3916 1660 3991 sunt3
1706 3907 1963 3976 faciunt
1981 3908 2157 3974 enim
2186 3903 2454 3972 assidem-

238 4011 303 4071 et
328 4005 651 4073 obsideor!

1184 4127 1193 4135 ’
1239 4157 1460 4213 nou-3

241 4237 687 4377 vihta-ianque]
728 4241 937 4295 Amisus
958 4245 1186 4300 Gnatia
1206 4261 1301 4313 op·
1445 4246 1472 4282 ¹*
1491 4245 1733 4313 Men]
1771 4242 1882 4295 Pro
1905 4241 2146 4293 Obiter-i.
