2984 4892
436 716 445 725 ·
590 626 1136 863 vrrA
1271 700 2500 853 SALLUSTII

1096 1076 1464 1157 PETRO
1543 1079 2008 1165 CRINITO

849 1408 2252 1508 HISTORICIS

1509 1619 1585 1660 Ac

1008 1747 1639 1818 ORATORIBUS
1684 1747 2102 1819 LATINIS.

1360 2008 1722 2032 Wmumo

430 2189 564 2284 C.
608 2215 938 2285 Caresus
982 2216 1462 2283 SAnnusrms
1492 2215 1824 2285 Amiterni
1847 2168 2047 2285 natus
2075 2218 2403 2286 traditur
2383 2241 2452 2286 m
2481 2241 2644 2307 agro

432 2318 717 2400 sabino,
762 2339 898 2408 quo
941 2338 1115 2387 amo
1155 2318 1665 2388 Atheniensium
1687 2324 1847 2390 urbs
1890 2341 1937 2389 a
1983 2322 2067 2390 L.
2117 2321 2307 2389 Sulla
2356 2323 2647 2407 devicta,

428 2430 639 2509 atque
674 2429 940 2492 vastata
986 2430 1109 2505 est,
1165 2428 1241 2490 ut
1282 2422 1575 2492 Romani
1618 2427 1888 2494 annales
1936 2426 2246 2507 referunt,
2293 2445 2387 2492 ex
2433 2429 2649 2495 nobili

432 2524 899 2594 Sallustiomm
936 2527 1194 2596 familia
1233 2533 1577 2609 emeat,
1631 2551 1785 2615 quae
1832 2530 1954 2596 din
1994 2532 2064 2595 in
2101 2527 2646 2596 semndoordine

428 2628 826 2725 dignitatem
854 2632 1165 2699 servavit.
1254 2631 1446 2700 Idem
1492 2635 1566 2700 in
1589 2634 1758 2698 urbe
1797 2633 2123 2700 educatus
2150 2631 2461 2711 creditur,
2503 2639 2574 2699 et
2601 2653 2648 2700 a

337 2760 343 2773 ·
434 2732 676 2799 teneris
703 2733 896 2800 annis
932 2754 1229 2821 operam,
1276 2756 1360 2803 ac
1382 2737 1679 2804 studium
1707 2736 2114 2822 impendisse
2141 2735 2415 2819 optimis
2439 2734 2645 2802 disci·

434 2833 677 2917 plinis:
722 2836 844 2902 sed
887 2855 1043 2903 cum
1087 2838 1155 2904 in
1180 2858 1266 2904 ea
1290 2844 1595 2924 tempora
1636 2838 2012 2917 incidisset,
2063 2838 2310 2924 quibus
2347 2839 2645 2923 corrupti

428 2934 686 3003 civium
709 2957 927 3007 mores
963 2940 1172 3006 variis
1212 2941 1536 3026 partibus,
1585 2946 1785 3025 atque
1812 2940 2212 3008 factionibus
2248 2941 2488 3020 forent,
2519 2960 2644 3007 ne-

435 3058 564 3123 que
593 3040 817 3109 virtuti
843 3044 1145 3126 praemia,
1193 3048 1312 3108 aut
1336 3044 1532 3108 bonis
1574 3044 1860 3127 ingeniis
1888 3043 2221 3123 adessent,
2265 3045 2338 3109 in
2364 3050 2500 3110 tam
2526 3044 2642 3110 tle-

431 3147 714 3225 pravata
740 3145 1035 3225 civitate,
1079 3146 1257 3232 quod
1292 3146 1468 3212 idem
1514 3145 1872 3212 Sallustius
1898 3146 2161 3225 fatetur,
2209 3146 2464 3212 victum
2491 3146 2641 3231 ejus

426 3244 764 3326 ingenium
815 3246 1299 3331 voluptatibuS,
1346 3247 1546 3313 facile
1597 3249 1968 3317 succubuit.
2058 3248 2302 3333 Itaque
2343 3268 2504 3315 cum
2549 3249 2639 3314 ad

426 3342 948 3432 Rempublicam
995 3368 1117 3434 pro
1142 3354 1345 3416 aetate
1370 3348 1540 3415 soret
1587 3351 1872 3432 delatum,
1921 3359 2192 3438 propter
2219 3353 2470 3419 civium
2511 3353 2638 3417 im-

315 3454 323 3467 *
429 3447 829 3531 probitatem
876 3453 947 3515 et
990 3450 1335 3530 factiones,
1382 3452 1596 3519 multa
1639 3453 1923 3521 adversa
1963 3456 2270 3541 pertulit·
2253 3504 2270 3522 .
2313 3474 2471 3521 num
2491 3460 2637 3521 tum

428 3549 773 3635 praecipue
814 3551 1103 3619 Sullanis
1143 3555 1444 3639 partibus
1468 3557 1713 3623 infecta
1740 3558 1985 3624 civitas
2009 3560 2369 3627 aestuabat.
2457 3555 2638 3624 Gon-

428 3654 562 3739 stat
608 3672 698 3718 ex
752 3661 1047 3722 veterum
1092 3662 1600 3740 commentariis,
1660 3661 2056 3727 Sallustium
2101 3663 2325 3746 ipsum
2371 3660 2640 3743 ingenio

425 3753 633 3819 fuisse
681 3758 843 3839 acri,
888 3763 958 3823 et
1004 3760 1077 3824 in
1114 3758 1355 3827 studiis
1399 3764 1734 3829 literarum
1779 3770 2112 3843 accurato,
2158 3769 2300 3829 tum
2344 3762 2637 3827 maxime

424 3855 494 3920 in
541 3857 890 3926 scribenda
942 3860 1276 3930 Historia.
1409 3864 1908 3949 Proeceptorem
1960 3866 2194 3932 habuit
2247 3867 2412 3931 inter
2466 3864 2639 3929 alios

426 3955 696 4029 Ateium
725 3960 1228 4046 Praetextatum,
1274 3967 1392 4054 qui
1438 3966 1862 4051 Philologum
1889 3987 1962 4033 se
2009 3968 2390 4053 appellavit,
2433 3970 2502 4031 et
2543 3965 2634 4031 ab

425 4080 509 4126 eo
553 4061 830 4130 edoctus
880 4071 985 4132 est
1030 4069 1114 4134 de
1154 4071 1413 4136 ratione
1456 4074 1638 4136 recte
1682 4070 2039 4150 scribendi,
2104 4075 2178 4136 ut
2222 4089 2268 4135 a
2313 4068 2636 4134 Suetonio

352 4170 371 4183 “
424 4154 820 4252 Tranquillo
840 4170 1145 4253 traditur,
1174 4174 1291 4259 qui
1318 4178 1387 4242 et
1408 4171 1720 4241 Asinium
1762 4192 2028 4261 quoque
2067 4172 2440 4240 Pollionem
2467 4171 2635 4237 scri-
