2984 4892
1126 419 1214 468 m·
1259 418 1638 473 cm'rmus.

270 561 402 615 Cum
440 575 534 612 vos
572 560 866 625 considero,
884 561 1094 626 milites,
1115 568 1172 612 et
1211 577 1335 613 cum

268 625 416 678 sacta
451 634 627 679 vestra
661 629 859 677 aestimo
899 630 943 678 C
987 632 1051 677 58
1135 628 1335 677 Mundo

270 692 616 749 cousiderato,
636 691 865 757 August.
902 692 969 742 de
1011 693 1073 742 C.
1109 692 1210 742 Dei
1236 693 1339 753 viii,

271 761 321 811 1.
389 756 568 807 Codex
593 758 919 821 Reginensis,
957 765 1062 806 tam
1102 758 1339 807 mirabile

273 821 365 873 scd
389 822 461 870 illi
485 837 551 871 ex
573 823 694 871 vitae
788 838 909 872 uere

339 885 565 937 Consilia
604 888 722 936 Cati
746 888 846 939 iuae
881 886 979 936 sibi
1012 886 1257 951 proderet
1296 887 1339 936 C

272 956 339 1001 26
404 952 491 1001 vel
530 967 609 1000 res
646 953 712 1001 de
737 968 838 1018 qus
877 954 1219 1014 consultatur,
1258 953 1342 1001 vel

270 1017 386 1082 ipsa
418 1017 729 1067 consultatio
766 1024 881 1067 tuta
916 1018 957 1066 C
980 1021 1042 1067 41
1113 1016 1342 1067 Consilia

275 1080 511 1141 execrari
533 1082 577 1132 C
598 1087 664 1132 48
728 1096 830 1133 non
854 1098 920 1131 ea
951 1081 1250 1139 habuissent
1272 1082 1340 1132 de

273 1146 409 1211 Rep.
432 1152 497 1197 52
542 1144 684 1223 ‚capi
724 1147 851 1197 talia
888 1162 985 1212 per
1007 1148 1169 1198 otium
1191 1152 1248 1197 et
1272 1161 1340 1197 ex

276 1210 832 1329 ?.?J'3‘133¹⁰¹‡}{{23¹d1⁷52
847 1218 1340 1327 &mmm

273 1342 308 1409 J
334 1347 399 1392 88
463 1340 661 1392 Bocchi
684 1341 1057 1405 speculatumJ
1079 1347 1174 1392 108
1243 1342 1341 1392 Ca-

278 1407 376 1457 tuli
413 1413 624 1469 secutus
665 1420 777 1456 sum
811 1407 847 1471 i,
884 1411 948 1457 12
1012 1420 1178 1472 prava
1196 1422 1342 1470 saepe

274 1472 1147 1588 ffagffigggffiffiepewag
1169 1473 1343 1587 ‘⁸333

274 1601 417 1665 apud
447 1616 536 1652 eos
576 1616 696 1651 vera
732 1602 949 1651 consilis
987 1574 1260 1653 vainei-unt
1300 1602 1342 1651 F

275 1671 395 1729 356,
414 1671 476 1718 14
526 1666 801 1731 exequitur
820 1668 860 1717 1⁴*
877 1671 994 1730 356,
1015 1672 1076 1718 14
1128 1667 1345 1732 hujusce

277 1731 570 1797 participes
592 1731 636 1781 C
660 1736 721 1781 17
787 1733 899 1797 ejus
930 1733 1164 1797 ignarum
1199 1732 1242 1783 C
1281 1736 1343 1781 17

273 1811 448 1863 neque
467 1794 851 1848 alienaconsilii
867 1797 1046 1848 domus
1064 1798 1108 1848 C
1124 1802 1191 1849 40
1246 1798 1279 1847 ἰ.
1294 1813 1344 1848 e.

275 1877 382 1912 nou
402 1869 585 1927 pateus
605 1869 765 1928 atque
785 1863 1023 1926 exposita
1039 1863 1239 1925 domus,
1253 1863 1347 1914 sed

276 1927 580 1978 recondita:
606 1934 665 1977 ut
686 1926 875 1979 alicubi
901 1927 1105 1991 Cicero,
1122 1928 1209 1977 ubi
1232 1935 1348 1978 tnta

278 1992 496 2042 consilia
513 1990 709 2042 habere
730 1992 934 2043 liceret.
990 1991 1237 2045 Ceterum
1260 2007 1347 2043 no-

277 2066 340 2108 ta
362 2063 443 2107 est
463 2057 775 2122 significatio
812 2059 902 2108 τοῦ
934 2057 1094 2108 alieni
1132 2073 1230 2123 pro
1269 2058 1350 2108 in-

279 2122 568 2177 commodo.
625 2121 825 2172 alienus
864 2124 1011 2173 loeus
1041 2151 1109 2161 —
1141 2130 1349 2188 tempus

278 2186 424 2253 apud
447 2188 702 2238 Caesarem
720 2194 781 2239 et
813 2187 1015 2238 livium
1038 2187 1124 2239 cui
1148 2189 1349 2240 Noster

278 2252 501 2317 opponit
523 2268 687 2330 sunm,
723 2268 826 2303 non
868 2254 966 2304 nisi
1003 2269 1067 2302 ex
1107 2268 1200 2330 sno
1232 2254 1347 2331 loco

276 2318 1184 2449 {tssissffsttffiifi‘ffassslssffi
1217 2318 1352 2435 ἐξὲξ

278 2446 336 2498 in
362 2449 473 2499 haec
496 2447 766 2500 divertisse
788 2450 896 2514 viii,
925 2453 975 2501 8.
1040 2464 1209 2516 neque
1231 2464 1350 2501 con·

278 2512 383 2564 silii
421 2528 589 2579 neque
629 2515 859 2567 audacia.²
899 2530 1123 2581 unquam
1157 2530 1351 2583 eguere

282 2578 328 2629 C
347 2582 408 2631 51
477 2593 689 2629 causam
720 2580 979 2646 aperirem
1013 2581 1055 2631 C
1079 2584 1142 2631 53
1208 2594 1351 2631 more

266 2642 554 2707 ,majorum,
575 2659 642 2695 ex
664 2646 866 2696 consilii
890 2643 1107 2696 decreto
1126 2647 1353 2709 imperat

282 2721 385 2774 per
418 2707 642 2772 Legatos
675 2710 709 2762 J
746 2715 811 2761 62
878 2725 941 2762 ex
983 2726 1066 2761 ers
1098 2711 1140 2760 F
1169 2714 1286 2775 283,
1318 2714 1351 2760 2

376 2773 546 2825 nitens
567 2776 611 2826 F
628 2778 742 2839 286,
762 2780 824 2829 12
883 2775 951 2825 du
991 2775 1069 2827 ius
1094 2777 1136 2826 F
1156 2779 1272 2839 308,
1286 2779 1351 2825 26

438 2854 489 2890 m
532 2854 703 2902 seusu,
741 2841 882 2906 apud
918 2841 1351 2904 Tacitum,ambi·

280 2917 417 2981 gnus
441 2919 556 2954 con.
572 2904 665 2959 lib.
687 2908 769 2957 20.
836 2920 976 2972 aeger
997 2904 1039 2955 F
1061 2911 1175 2970 318,
1197 2910 1230 2955 6
1293 2906 1350 2955 Si

279 2964 341 3019 ul
367 2969 518 3019 modo
538 2971 594 3020 in
617 2977 833 3034 pectore
857 2970 1058 3021 consilii
1080 2979 1178 3036 est,
1201 2970 1277 3019 uti
1299 2977 1351 3022 te

282 3033 358 3085 ab
374 3033 696 3087 inimicorum
714 3037 913 3100 impetu
934 3036 1165 3087 vindices
1180 3036 1223 3087 F
1240 3039 1353 3101 349,

283 3101 353 3149 12
420 3098 487 3150 de
522 3114 718 3151 summa
752 3101 795 3150 F
830 3104 945 3164 358,
977 3105 1042 3151 19
1106 3101 1212 3151 suis
1234 3115 1357 3151 eum

279 3163 507 3223 multum
528 3163 818 3219 officere.c
855 3170 918 3217 27
1002 3165 1271 3216 nocturnis
1311 3166 1355 3216 C

279 3232 355 3280 42
421 3230 640 3294 patratis
677 3231 711 3283 J
752 3235 813 3281 13
881 3230 1230 3282 clandestinis
1254 3231 1353 3281 hoc

277 3293 482 3351 malum
526 3296 793 3361 publicum
835 3303 1272 3362 comparaverunt
1310 3296 1354 3346 F

282 3362 409 3423 818,
431 3363 494 3411 17
560 3358 781 3411 fortibus
802 3362 844 3411 P
868 3365 984 3424 357,
1007 3364 1037 3410 3
1106 3360 1260 3426 Reip.
1281 3360 1356 3410 af·

280 3424 504 3477 fuerunt
526 3425 568 3474 F
592 3429 707 3488 358,
726 3432 755 3475 5
824 3426 1202 3477 communicato
1226 3426 1269 3476 C
1293 3431 1355 3476 18

279 3488 496 3558 privato
521 3490 564 3540 C
588 3494 652 3540 29
715 3505 884 3557 neque
903 3493 1166 3541 exercitus
1189 3491 1358 3542 Malui

284 3562 536 3632 quantus,
569 3565 661 3605 sut
695 3571 798 3621 quo
823 3556 1036 3607 consilio
1058 3556 1196 3606 foret
1220 3557 1263 3607 C
1290 3560 1357 3607 29

285 3634 347 3670 in
385 3634 517 3669 novo
551 3619 905 3671 defensionem
938 3636 1041 3671 uon
1078 3621 1237 3672 statui
1271 3634 1358 3685 pa-

288 3699 413 3734 rare
432 3685 475 3735 C
494 3688 555 3734 35
624 3700 726 3752 quo
743 3686 965 3737 servitis.
975 3686 1218 3751 repudiet
1236 3686 1279 3736 C
1294 3690 1361 3737 44

288 3764 413 3800 cum
471 3748 670 3800 nefario
723 3751 937 3802 consilio
992 3753 1360 3803 sceleratorum

290 3815 456 3881 Resp.
479 3815 533 3864 in
556 3816 781 3869 maxima
850 3817 1047 3867 ericula
1080 3816 1282 3867 venerit
1317 3816 1363 3866 C

289 3883 363 3933 52
444 3880 623 3933 valer.
672 3882 809 3945 pesti
831 3897 921 3932 ero
963 3881 1063 3933 sihi
1103 3896 1200 3932 nec
1244 3876 1364 3932 utili

290 3944 452 4010 Reip.
473 3947 687 3997 consilio
708 3960 764 3997 se
789 3963 821 3996 a
842 3946 1062 4003 Caesaris
1084 3945 1364 3999 concordia

288 4009 580 4074 abruperat
600 4011 635 4075 i,
658 4015 710 4075 8,
730 4016 780 4062 9.
816 4012 944 4062 Mss.
976 4010 1103 4062 ibid.
1137 4018 1277 4076 post,
1306 4017 1365 4060 et

290 4090 422 4137 casu
445 4081 666 4127 tantum.
736 4092 799 4129 eo
821 4076 1003 4128 consil.
1026 4077 1101 4126 uti
1121 4073 1362 4141 perfuge-

293 4147 436 4202 rent,
456 4144 556 4191 etc.
582 4141 625 4191 C
640 4144 705 4191 57
774 4140 936 4193 bonus
959 4148 1014 4191 et
1031 4141 1215 4219 praelio
1233 4149 1365 4190 stre-

290 4219 430 4268 nuus
451 4205 485 4256 J
513 4210 544 4256 7
610 4220 780 4270 pauca
802 4212 1049 4271 praesenti
1064 4206 1276 4258 consilio
1292 4206 1366 4254 lo·

295 4278 454 4335 cutus
475 4271 509 4323 J
516 4274 595 4331 ,29
650 4278 825 4322 vetere
843 4272 1059 4323 consilio
1078 4272 1262 4322 omisso
1277 4284 1365 4319 no·

296 4348 422 4391 vum
458 4343 722 4400 quaereret
748 4336 784 4388 J
820 4341 887 4387 w
954 4337 1222 4403 utriusque
1254 4336 1364 4386 dies

296 4398 500 4454 insidii·
521 4401 768 4453 statuitur
794 4401 829 4456 J
853 4404 923 4454 70
984 4409 1170 4475 contre
1192 4407 1366 4453 tutas

2309 406 2490 481 xlvii

1414 561 1751 615 difficultates
1790 563 2006 616 consilio
2043 566 2172 617 satis
2203 565 2496 644 providere

1412 629 1447 680 J
1493 633 1561 678 90
1647 627 1784 678 forte
1831 645 1983 694 quam
2039 632 2253 683 consilio
2291 634 2483 687 melius

1415 699 1563 756 gesta
1584 692 1621 745 J
1646 699 1710 744 92
1778 697 2134 745 tautummodo
2164 711 2332 774 neque
2361 712 2486 748 con-

1416 757 1554 819 silio,
1575 771 1743 823 neque
1768 773 1922 808 numu
1947 761 2171 823 priorem
2194 761 2356 811 alium
2374 762 2488 827 pati

1413 823 1448 874 J
1468 827 1535 873 96
1602 832 1806 874 ceteros
1829 826 2062 874 anteibat
2086 827 2126 875 F
2148 830 2268 891 279,
2289 830 2355 876 19
2417 826 2487 879 nd

1414 889 1513 937 hoe
1535 887 1726 950 bellum
1758 889 1956 953 majore
1990 891 2164 941 studio
2186 905 2340 955 quam
2364 906 2487 943 cou-

1414 952 1528 1001 silio
1565 952 1856 1016 profectum
1890 955 1932 1003 F
1965 958 2081 1014 298,
2107 960 2130 1004 1
2201 956 2375 1006 valere
2396 956 2488 1006 de-

1416 1024 1504 1067 cet
1542 1019 1583 1067 F
1615 1021 1733 1081 350,
1767 1023 1832 1069 29
1910 1019 1963 1068 in
2003 1019 2219 1072 consiiio
2253 1021 2488 1072 Deorum

1416 1080 1627 1131 admisit
1657 1083 1869 1147 Jupiter
1900 1085 2125 1149 optimus
2153 1087 2405 1136 maximus
2440 1087 2485 1137 P

1416 1150 1533 1210 364,
1558 1152 1617 1197 11
1687 1148 1915 1199 omnium
1942 1149 2247 1201 administer
2270 1152 2484 1201 assumi-

1415 1218 1502 1261 tur
1523 1212 1746 1263 Scaurus
1768 1214 1804 1266 J
1829 1218 1895 1264 29
1961 1229 2064 1265 non
2088 1215 2190 1267 fuit
2214 1217 2487 1267 consilium

1417 1277 1654 1327 secordia
1677 1286 1732 1327 st
1769 1294 1834 1328 ue
1874 1279 2070 1330 desidis
2107 1281 2298 1330 bonum
2320 1283 2486 1331 otium

1418 1350 1694 1399 conterere
1733 1296 1777 1395 z
1818 1349 1852 1394 4
1943 1346 2085 1410 cepit
2130 1345 2486 1410 opprimendas

1417 1408 1516 1475 Rei
1558 1444 1571 1458 .
1597 1408 1642 1456 C
1668 1412 1729 1457 16
1794 1409 1848 1458 in
1872 1410 2048 1460 Nonas
2067 1411 2195 1461 Feb.
2218 1411 2486 1461 consilium

1419 1486 1500 1521 cae
1540 1473 1582 1521 is
1607 1475 1986 1525 transtulerunt
2025 1475 2067 1525 C
2111 1480 2171 1525 18
2237 1474 2395 1526 facile
2419 1475 2487 1527 ad

1420 1539 1527 1589 tale
1560 1537 1748 1588 adduci
1785 1554 1936 1603 posse
1974 1539 2017 1590 C
2049 1544 2114 1590 40
2191 1556 2293 1605 quo
2324 1540 2489 1590 miuus

1419 1616 1612 1651 novum
1633 1604 1895 1667 capiamus
1935 1604 1979 1654 C
2011 1610 2074 1654 51
2143 1620 2330 1656 vanum
2355 1606 2398 1656 C
2420 1610 2486 1656 52

1421 1668 1692 1718 consilium
1732 1669 1919 1733 capitis
1953 1670 2053 1720 sibi
2086 1671 2201 1735 quis
2240 1685 2304 1720 ue
2340 1672 2383 1721 C
2422 1675 2489 1721 52

1420 1746 1590 1797 neque
1604 1748 1716 1783 con.
1730 1748 1899 1800 neque
1911 1734 2173 1799 inceptum
2188 1751 2219 1786 u
2243 1736 2349 1785 lum
2362 1734 2493 1785 frus-

1421 1803 1507 1846 tra
1527 1806 1647 1848 suut
1676 1797 1712 1850 J
1737 1804 1769 1848 7
1836 1815 2014 1850 eorum
2039 1801 2304 1851 consilium
2327 1800 2489 1851 hahet

1420 1861 1456 1914 J
1479 1867 1545 1912 62
1611 1865 1722 1928 ejus
1745 1863 1918 1917 mirari
1955 1865 1990 1917 J
2019 1870 2083 1916 64
2151 1881 2216 1915 ex
2240 1866 2393 1931 copia
2415 1880 2494 1916 re·

1423 1942 1535 1976 rum
1559 1929 1834 1979 consilium
1860 1929 2020 1979 trahit
2059 1931 2094 1983 J
2118 1934 2182 1981 98
2269 1931 2303 1980 i.
2321 1945 2370 1981 e.
2395 1930 2490 1981 du-

1423 2007 1566 2055 cere,
1579 1994 1791 2057 capere)
1802 1994 1945 2057 alibi,
1962 1994 2174 2045 dubium
2190 1994 2255 2045 be
2277 1996 2316 2045 li
2330 2003 2492 2061 atque

1422 2059 1569 2121 pacis
1609 2059 1834 2109 rationes
1881 2059 2107 2110 trahere.
2192 2061 2308 2111 Nisi
2351 2059 2493 2112 forte

1423 2122 1510 2173 cui
1548 2139 1729 2188 pacem
1766 2132 2016 2189 praestare
2056 2132 2110 2175 et
2148 2125 2342 2176 bellum
2380 2125 2493 2190 pati

1425 2189 1694 2239 consilium
1736 2197 1817 2241 est
1859 2191 1901 2239 F
1942 2194 2059 2254 280,
2102 2194 2135 2239 8
2223 2191 2490 2254 publicum

1425 2262 1773 2319 corruperunt
1802 2255 1843 2304 1¹·
1863 2258 1979 2320 281,
1999 2259 2029 2303 7
2098 2256 2342 2304 Ceterum
2373 2271 2493 2306 con-

1426 2319 1595 2371 silium
1619 2326 1702 2370 est
1732 2320 1970 2385 Tigranis
2002 2319 2277 2385 conficere,
2307 2323 2407 2371 Ere.
2449 2322 2493 2371 F

1426 2388 1545 2446 ³15,
1568 2390 1630 2435 16

1494 2449 1794 2501 consistere
1818 2465 1913 2516 pro
1952 2465 2109 2516 opere
2131 2449 2322 2501 milites
2358 2450 2394 2503 J
2428 2455 2494 2501 92

1428 2522 1483 2573 et
1507 2514 1543 2567 J
1562 2520 1625 2566 53
1693 2517 1935 2567 Consitus
1960 2517 2184 2567 arbustis
2209 2531 2335 2581 ager
2366 2516 2401 2568 J
2429 2521 2493 2566 53

1493 2581 1844 2646 Conspectum
1868 2581 2024 2631 Marii
2046 2581 2255 2645 fugerat
2276 2581 2308 2633 J
2335 2585 2398 2632 86
2462 2595 2495 2631 e

1428 2653 1715 2711 conspectu
1735 2646 2002 2710 paulisper
2022 2646 2056 2697 J
2079 2650 2144 2696 07
2407 2676 2412 2681 ·

1493 2710 1827 2774 Conspicitur
1848 2717 2025 2761 monte
2044 2709 2354 2775 degrediens
2376 2725 2495 2762 cum

1428 2775 1665 2838 exercitu
1685 2775 1717 2828 J
1742 2781 1810 2827 49

1493 2841 1785 2892 Constabat
1800 2840 1924 2890 mihi
1943 2842 2110 2890 mults.
2129 2840 2349 2905 agitanti
2406 2855 2497 2891 au-

1428 2920 1629 2969 corum,
1663 2909 1762 2957 διο.
1797 2912 1989 2956 cuncta
2031 2906 2318 2968 patravisse
2429 2909 2496 2955 53

1427 2972 1471 3030 F
1492 2975 1654 3036 321,3
1707 2976 1912 3024 constat
1933 2969 2095 3020 fuisse
2120 2969 2162 3017 F
2183 2973 2299 3032 328,
2322 2974 2353 3021 3
2406 2972 2499 3019 mi·

1427 3034 1478 3085 hi
1501 3051 1597 3100 pro
1615 3051 1738 3087 vero
1761 3041 1966 3086 constat
1984 3035 2027 3085 F
2047 3038 2163 3098 359,
2178 3038 2211 3084 9
2261 3043 2499 3085 consttu-

1431 3101 1531 3150 tius
1567 3107 1724 3165 atque
1765 3099 2070 3165 aequabilius
2105 3114 2219 3151 sese
2240 3099 2499 3151 haberent

1430 3180 1515 3229 res
1535 3165 1783 3217 humanae.
1796 3165 1839 3214 C
1862 3169 1894 3214 2

1497 3231 1815 3294 Constituas,
1837 3230 2100 3281 victoriam
2136 3229 2503 3295 composueris,

1430 3297 1528 3347 &1:-
1563 3296 1654 3346 sed
1683 3295 1796 3360 jani
1832 3309 1934 3361 quo
1959 3295 2158 3358 melius,
2193 3293 2501 3361 faciliusque

1432 3361 1715 3411 constituas
1736 3361 1779 3412 1²·
1801 3365 1915 3425 340,
1931 3364 1994 3411 21
2056 3361 2111 3411 in
2125 3361 2341 3411 coloniis
2360 3361 2501 3411 cives

1432 3426 1476 3476 F
1498 3430 1612 3486 352,
1630 3430 1689 3476 13
1729 3425 1950 3490 parandi
1964 3425 2000 3478 J
2005 3424 2111 3475 uris
2128 3431 2186 3476 et
2207 3426 2502 3491 Majeststis

1433 3491 1812 3542 constituendae
1847 3492 2012 3554 gratia
2032 3490 2114 3542 bis
2135 3506 2229 3556 per
2252 3492 2498 3542 secessio-

1432 3571 1553 3607 nem
1588 3569 1914 3622 occupsvere
1952 3556 1985 3608 J
2026 3560 2088 3605 31
2155 3562 2213 3606 at
2245 3556 2502 3607 Lentulus

1434 3621 1781 3673 constituerat
1803 3627 1863 3671 ut
1890 3622 1957 3671 de
1984 3620 2271 3670 actionibus
2293 3620 2503 3670 Cicero-

1434 3686 1514 3735 nis
1538 3694 1843 3752 quereretur
1869 3685 1913 3736 C
1934 3689 1997 3736 43
2065 3686 2284 3751 illosque
2307 3699 2503 3750 nosque

1435 3758 1492 3801 et
1525 3752 1690 3801 socios
1723 3751 1777 3801 in
1806 3750 1952 3800 firma
1984 3765 2116 3814 pace
2152 3750 2436 3799 constitues
2458 3750 2501 3801 F

1436 3820 1554 3880 344,
1587 3820 1650 3866 19
1714 3816 1942 3881 finesque
1979 3815 2184 3879 imperii
2220 3814 2429 3879 singulis
2466 3814 2504 3867 J

1438 3885 1502 3930 12
1567 3880 1805 3931 cohortes
1845 3880 1900 3930 in
1929 3878 2100 3929 fronte
2122 3879 2164 3927 C
2188 3883 2252 3928 59
2316 3892 2508 3943 agmen

1438 3944 1680 3996 constitit
1715 3945 1751 3998 J
1794 3948 1863 3994 49
1931 3943 2168 3993 AEautem
2207 3944 2260 3993 in
2307 3944 2505 4011 praeliis

1439 4010 1520 4059 uti
1552 4010 1738 4060 ducem
1760 4008 2162 4069 constituerunt,
2182 4009 2360 4059 Valet.
2382 4009 2426 4071 i,
2451 4014 2509 4060 5.
2573 4041 2586 4053 ·

1441 4076 1569 4126 Mss.
1609 4074 1742 4124 duce
1777 4074 1851 4124 uti
1887 4073 2240 4125 instituerunt.
2307 4074 2371 4123 Ei
2415 4088 2504 4123 ne-

1440 4140 1581 4205 gotio
1605 4139 1891 4204 proximum
1911 4140 2050 4189 diem
2071 4138 2103 4190 J
2130 4142 2194 4188 93
2261 4138 2315 4187 in
2339 4139 2383 4188 P
2423 4153 2504 4187 re-

1441 4205 1565 4281 naeis
1587 4212 1790 4280 tropaes
1812 4204 1878 4254 de
1900 4204 2120 4280 victis.F
2141 4207 2261 4278 3²⁸².
2270 4207 2304 4253 6
2370 4266 2382 4279 .
2447 4217 2511 4252 n-

1432 4278 1778 4385 ’.ξ’ῗέιξέἲξῗ
1785 4268 2509 4387 32323135332331353

1439 4399 1474 4454 J
1498 4404 1599 4453 06;
1644 4399 1903 4453 rarissime
1927 4398 1971 4451 si
1989 4412 2214 4469 unquam
2229 4397 2329 4451 boc
2347 4396 2514 4464 signi-
