2984 4892
1078 870 1212 961 D.
1321 866 2012 964 CRISPINI

711 1260 2368 1402 PRAEFATIO.

445 2125 669 2222 Qms
718 2148 918 2217 fuerit
962 2147 1243 2236 crispus
1287 2142 1670 2229 sallustius,
1703 2153 2062 2234 antequam
2111 2148 2236 2216 tibi
2285 2146 2650 2230 sisteretur,

440 2252 805 2321 monendus
850 2271 1058 2333 esses,
1107 2252 1325 2318 amice
1373 2250 1648 2317 Lector:
1694 2250 1812 2317 sed
1861 2250 2031 2317 illud
2077 2252 2236 2335 quia
2262 2246 2415 2318 Viri
2447 2252 2653 2339 juxta

442 2357 627 2423 docti
653 2362 721 2423 et
747 2355 1043 2421 celebres
1070 2355 1327 2439 egregie
1352 2353 1821 2439 praestiterunt,
1860 2368 2428 2436 supervacaneum
2457 2352 2654 2420 duxi-

439 2477 587 2523 mus
633 2476 859 2524 eorum
906 2457 1076 2522 bene
1122 2457 1380 2542 scripta
1424 2474 1807 2540 recoquere.
1899 2454 2222 2540 Adeoque
2268 2474 2357 2520 ex
2399 2454 2558 2534 illis,
2588 2456 2649 2521 si

437 2558 645 2640 lubet,
672 2559 963 2624 auctoris
989 2558 1202 2625 nostri
1230 2563 1296 2622 et
1320 2558 1533 2623 vitam
1577 2561 1648 2621 et
1694 2576 1912 2623 mores
1944 2557 2351 2641 cognoveri&
2438 2554 2650 2622 Aliud

439 2666 562 2740 est,
594 2659 772 2745 quod
802 2677 846 2723 a
867 2660 1065 2724 nobis
1099 2660 1248 2746 jure
1278 2659 1644 2743 meritoque
1672 2663 2016 2743 expectes3
2062 2678 2436 2744 quemnam,
2467 2658 2650 2725 scili-

439 2766 571 2841 cet,
599 2780 689 2827 ex
712 2759 843 2826 hac
872 2781 1051 2826 nova
1087 2760 1385 2826 Sallustii
1432 2758 1718 2825 editione
1761 2759 2039 2826 fructum
2088 2779 2359 2846 carpere
2401 2760 2646 2845 possis.

439 2862 847 2943 Institutum,
877 2863 1211 2948 totiusque
1239 2861 1464 2948 operis
1493 2859 2016 2944 designationem
2059 2862 2120 2926 si
2161 2864 2453 2946 spectes,
2480 2860 2647 2927 nihil

436 2985 568 3032 non
593 2984 861 3051 sperare
890 2966 1168 3031 audeas:
1211 2984 1391 3044 nam,
1440 2963 1622 3049 quod
1656 2969 1805 3028 ante
1833 2964 2055 3029 omnia
2081 2965 2406 3030 monitum
2435 2973 2500 3032 te
2526 2985 2648 3031 vo-

436 3069 680 3147 lumus,
709 3088 844 3133 non
890 3068 1211 3133 instinctu
1259 3071 1506 3145 nostru,
1550 3066 1669 3132 sed
1699 3067 2168 3150 sapientissimi
2201 3066 2419 3134 Ducis
2450 3065 2647 3133 Mon-

438 3171 734 3249 tauserii,
787 3168 1206 3235 Serenissimi
1264 3168 1584 3252 Delphini
1645 3164 2088 3233 Moderatoris
2146 3168 2369 3252 jussu,
2428 3170 2648 3235 consi-

435 3273 686 3358 lioque,
736 3271 1083 3351 eximium,
1132 3292 1215 3338 eo
1266 3291 1399 3356 quo
1446 3269 1706 3337 videbis
1757 3275 2010 3350 ornatu,
2061 3268 2473 3337 Historicum
2521 3268 2645 3337 tibi

437 3375 851 3441 exhibemus.
920 3374 1066 3453 Ille,
1096 3378 1171 3440 ut
1196 3378 1302 3438 est
1328 3372 1507 3437 omni
1535 3373 1994 3437 humaniorum
2023 3373 2358 3437 literarum
2387 3374 2648 3457 elegan-

435 3477 531 3544 tia
558 3476 894 3555 excultus,
923 3477 1039 3541 ubi
1084 3473 1481 3541 instituendo
1529 3473 1830 3559 Principi
1873 3474 2278 3559 praepositus
2322 3481 2447 3554 est,
2476 3495 2643 3560 quo-

436 3599 593 3647 nam
637 3580 1060 3666 potissimum
1102 3578 1303 3644 modo
1353 3578 1594 3663 sing-uli
1641 3583 1946 3644 auctores
1989 3576 2188 3643 facile
2235 3575 2643 3661 feliciterque

434 3683 816 3769 legerentur,
846 3684 1058 3767 coepit
1096 3684 1416 3766 cogitare:
1461 3700 1616 3767 quae
1664 3681 1877 3747 lucem
1923 3679 2238 3745 adderent
2284 3678 2644 3761 legentium

437 3786 708 3852 animis:
774 3805 928 3869 quae
979 3786 1524 3872 impedimentum
1575 3785 1918 3850 inferrent}
1963 3801 2178 3866 eaque
2224 3782 2450 3846 omnia
2497 3781 2642 3846 ani-

434 3886 813 3966 madvertit,
839 3907 992 3972 quae
1023 3907 1152 3953 non
1178 3888 1380 3954 modo
1403 3887 1824 3952 serenissimi
1847 3878 2194 3968 Delphini,
2218 3882 2336 3948 sed
2365 3883 2641 3968 publica

433 3986 635 4054 etiam
661 3989 885 4053 studia
917 3990 1161 4075 juvare
1197 3996 1490 4075 possent.
1587 3988 1759 4053 Duae
1791 3992 1944 4053 sunt
1986 3987 2055 4051 in
2084 3986 2377 4070 legendis
2404 3990 2639 4051 aucto-

435 4089 619 4156 ribus
664 4089 1111 4171 difficultates,
1160 4111 1314 4178 quae
1364 4089 1821 4158 festinantibus
1870 4095 1942 4155 et
1988 4089 2210 4156 minus
2254 4085 2638 4153 exercitatis

434 4192 767 4276 negotium
802 4192 1162 4261 facessant.
1247 4193 1447 4260 Prior
1473 4194 1769 4281 quidem,
1815 4212 2019 4279 quam
2047 4190 2214 4258 facit
2237 4191 2389 4278 ipse
2416 4208 2635 4255 sermo
