2984 4892
491 373 625 461 δῷ
1177 388 1568 445 ascensus
1610 390 2047 443 nnn-mum:

570 542 809 607 alterins
836 542 1067 606 Aldinae
1095 552 1353 605 curator.
1455 544 1564 605 Ille
1589 541 1934 625 qnidem'ex
1958 540 2203 607 duobus
2227 540 2387 607 Mas.
2402 538 2705 625 antiquis-

575 642 735 701 simis
762 662 796 701 e
824 641 1020 701 Gallia
1046 661 1082 702 a
1106 642 1202 702 Jo.
1231 642 1500 702 lasum-is
1527 651 1588 702 et
1616 644 1713 704 Jo.
1741 642 2020 703 Jocundo
2059 642 2250 703 allatis
2282 643 2579 716 Venetias,
2602 663 2707 704 ex-

576 737 742 798 cudit
769 738 908 798 Sall.
939 739 1113 800 Catil.
1155 748 1213 799 et
1254 741 1396 819 Jug.
1441 740 1500 800 in
1543 741 1751 801 melius
1784 741 1914 818 jam
1958 740 2339 805 emendatos:
2382 739 2480 800 hic
2506 739 2707 800 denuo

576 854 802 895 summa
827 856 970 896 cura
995 838 1324 916 recognitos
1364 838 1645 917 omnique
1685 858 1948 918 prorsus,
1997 848 2064 899 ut
2108 838 2345 917 quidem
2392 836 2709 916 profitetur
2778 896 2787 912 ,

574 931 637 991 in
663 933 1029 1011 praefatione,
1052 954 1170 1013 qua
1195 934 1445 1015 plurima
1474 936 1934 1007 marcescebant,
1953 946 2300 1015 repurgatos
2320 934 2475 1005 labe,
2492 953 2569 995 ac
2596 954 2709 996 sno

579 1028 816 1090 demum
842 1031 1145 1091 restitutos
1174 1031 1436 1103 candori,
1466 1032 1634 1092 dedit
1660 1032 1809 1092 Mss.
1832 1032 1973 1093 fide.

499 1137 657 1201 1509
685 1130 758 1189 C.
807 1127 1002 1208 Crispi
1045 1129 1303 1190 Sallustii
1348 1129 1424 1189 de
1472 1129 1895 1208 Conjuratione
1940 1129 2229 1191 Catilina.
2296 1127 2589 1208 Ejusdem
2630 1127 2711 1189 (le

574 1226 745 1287 Bello
787 1226 1163 1305 Jugurthino.
1244 1226 1527 1305 Ejusdem
1569 1228 1758 1289 oratio
1812 1237 2021 1289 contra
2068 1229 2157 1286 Μ.
2206 1227 2289 1286 Τ.
2332 1227 2707 1300 Ciceronem.

573 1325 669 1387 M.
697 1323 776 1383 Τ.
802 1323 1105 1384 Ciceronis
1129 1323 1317 1384 oratio
1343 1334 1551 1385 contra
1579 1326 1650 1384 C.
1679 1326 1946 1405 Crispum
1975 1325 2330 1386 Sallustium.
2416 1323 2709 1402 Ejusdem

574 1420 870 1481 orationes
889 1430 1144 1499 quatuor
1168 1429 1371 1481 contra
1399 1420 1647 1482 Lucium
1675 1422 2008 1484 Catilinam.
2090 1421 2281 1483 Porcii
2307 1421 2581 1482 latronis
2610 1420 2712 1481 de-

574 1517 851 1580 clamatio
875 1518 1360 1578 contra'Lucium
1389 1518 1727 1580 Catilinam.
1790 1521 2103 1585 Orationes
2129 1518 2405 1600 quaedam
2436 1539 2509 1580 ex
2537 1519 2708 1581 libris

575 1613 968 1676 Historiarum
1014 1616 1087 1676 C.
1117 1614 1314 1695 Crispi
1342 1616 1622 1678 Sallustii.
1706 1625 1725 1652 ‘
1756 1618 2034 1692 venetiis,
2077 1618 2138 1678 in
2182 1617 2411 1678 aedibus
2440 1616 2607 1691 Aldi,
2646 1629 2712 1679 et

573 1712 833 1773 Andreae
863 1713 1557 1786 Asulanisoceri,Mense
1572 1712 1767 1793 Aprili
1789 1714 2024 1787 '11me
2053 1715 2502 1776 8.—Crevenna
2523 1714 2703 1775 Tom.

572 1824 639 1869 v.
660 1829 798 1891 pag.
837 1818 972 1870 142.
1197 1820 1202 1825 '

493 1938 578 1955 —-
604 1908 678 1968 C.
709 1907 900 1986 Crispi
928 1908 1190 1970 Sallustii
1215 1912 1419 1991 Opera
1445 1911 1525 1972 ab
1555 1912 1841 1972 Ascensio
1863 1911 2193 1991 explanata.
2277 1912 2349 1971 In
2377 1908 2534 1972 fine:
2584 1916 2604 1944 ‘
2632 1908 2707 1969 C.

576 2005 770 2084 Crispi
797 2006 1054 2066 Sallustii
1078 2007 1331 2068 Catilina
1361 2018 1420 2069 et
1451 2008 1797 2088 Iugurthina
1815 2027 1951 2068 cum
1970 2007 2206 2087 reliquis
2231 2005 2613 2067 collectaneis
2629 2004 2707 2065 ab

535 2183 540 2187 q
573 2104 870 2183 Ascensio‘
888 2107 1186 2184 utcunque
1211 2107 1559 2186 explanatis,
1601 2106 1696 2168 hic
1731 2126 1901 2168 sunm
1947 2105 2110 2186 capit
2149 2105 2350 2166 finem.
2429 2101 2711 2183 Lugduni

574 2199 836 2280 diligenti
874 2203 1273 2283 recognitione
1314 2204 1632 2284 impressus
1674 2222 1780 2282 per
1805 2203 2119 2264 Claudium
2169 2203 2416 2275 Davost,
2446 2202 2592 2263 alias
2633 2201 2710 2262 de

574 2299 791 2379 Troys.
876 2301 1164 2380 Impensis
1210 2301 1443 2364 honesti
1491 2301 1597 2362 viri
1628 2301 1873 2362 Simonis
1900 2300 2193 2361 vincentii
2235 2319 2291 2360 a.
2333 2300 2500 2361 dom.
2528 2299 2710 2359 mille-

574 2394 722 2459 simo
750 2397 1213 2477 quingentesimo
1241 2418 1416 2459 nono.
1457 2413 1670 2459 xvm.
1702 2399 1853 2459 Iun.’
1894 2397 2024 2457 Fol.
2054 2392 2503 2456 mim—Paom-
2524 2396 2708 2457 Tom.

576 2507 705 2553 vn.
753 2513 812 2572 p.
860 2502 1000 2564 292.
1086 2496 1314 2556 Harles.
1363 2496 1574 2577 Suppl.
1623 2494 1700 2555 ad
1747 2495 1911 2557 brev.
1968 2494 2119 2555 Not.
2170 2493 2260 2554 lit.
2317 2493 2495 2553 Rom.
2536 2493 2611 2554 P.
2661 2510 2708 2554 1.

571 2607 709 2669 pag.
740 2598 880 2661 299.

492 2718 575 2732 -
601 2687 864 2749 Sallustii
890 2689 1077 2750 oratio
1104 2689 1400 2751 invectiva
1426 2689 1484 2749 in
1506 2688 1852 2750 Ciceronem
1873 2708 2010 2749 cum
2039 2688 2366 2766 Responso.
2455 2687 2711 2748 Franco-

572 2784 767 2857 fordii,
799 2805 904 2866 per
933 2787 1133 2848 Balth.
1165 2787 1430 2848 Mur-her.
1462 2787 1851 2849 Fol.'--Pans.
1876 2787 2058 2848 Tom.
2086 2801 2217 2847 vu.
2245 2805 2380 2865 pag.
2410 2790 2513 2845 51.

499 2888 656 2943 1510
682 2882 753 2942 C.
786 2883 979 2962 Crispi
1004 2883 1243 2946 Salustii
1271 2885 1419 2947 liber
1458 2883 1539 2945 de
1578 2884 1986 2963 conjuratione
2015 2885 2085 2944 L.
2117 2885 2241 2944 Ser.
2272 2882 2565 2943 Catilinas.
2634 2881 2704 2940 In

576 2980 780 3040 calce:
827 2986 844 3014 ‘
870 2979 1044 3060 Opus
1073 2979 1313 3040 Salustii
1340 2981 1397 3040 in
1422 3000 1664 3042 romana
1692 2981 1933 3041 historia
1971 2978 2290 3060 principisz
2332 2978 2413 3039 de
2436 2976 2709 3038 coniura-

568 3075 733 3137 tione
763 3077 1033 3138 Catilinae
1058 3076 1571 3157 elegantissimum,
1618 3086 1682 3138 et
1722 3077 1801 3139 ab
1844 3075 2265 3156 Herbipolensi
2299 3074 2567 3135 Martino
2606 3094 2706 3133 ex-

573 3174 867 3237 actissime
891 3175 1153 3254 optimis,
1182 3180 1277 3253 (nt
1301 3173 1494 3250 vides)
1519 3175 1671 3255 typis
1697 3176 1782 3254 [n.
1810 3172 2087 3252 gothicis]
2104 3172 2220 3232 iam
2247 3171 2441 3233 denuo
2462 3172 2709 3250 impres-

574 3290 746 3333 sum:
788 3280 847 3333 et
876 3273 1309 3351 vigilantissima
1336 3278 1514 3334 cura:
1556 3293 1631 3333 ex
1658 3271 1854 3332 multis
1876 3270 2077 3351 probis
2097 3269 2410 3333 codicibus
2428 3269 2704 3330 collatis:

568 3369 1229 3449 apprime'emendatum
1257 3370 1793 3449 emaculatumque.
1834 3370 2016 3430 Anno
2043 3365 2459 3429 incarnationis
2476 3365 2709 3426 decimo

572 3485 750 3545 supra
793 3467 1164 3529 millesimum
1211 3468 1779 3548 quingentesimum!
1826 3455 2317 3529 FoL-Extat'in
2359 3462 2507 3524 bibl.
2535 3461 2701 3542 publ.

572 3564 937 3645 Erlang'ensi,
965 3576 1113 3627 teste
1150 3567 1420 3628 Harlesio
1462 3565 1522 3626 in
1554 3558 1886 3626 Introduct.
1911 3564 1971 3624 in
1999 3563 2147 3624 Not.
2178 3563 2296 3622 Lit.
2323 3561 2500 3623 Rom.
2529 3580 2595 3640 p.
2624 3574 2706 3620 ιι.

571 3680 637 3741 p.
670 3670 811 3725 251.
907 3665 973 3722 In
1015 3663 1262 3724 Panzeri
1309 3666 1466 3723 Ann.
1506 3672 1635 3741 typ.
1662 3662 1841 3722 Tom.
1872 3675 2001 3721 vu.
2045 3678 2107 3739 p.
2143 3655 2277 3719 168.
2306 3675 2368 3718 n.
2397 3664 2539 3718 303.
2568 3674 2706 3716 veno

572 3760 787 3821 citatur
829 3782 902 3822 ex
951 3763 1087 3823 Cat.
1113 3763 1281 3823 Tott.
1362 3770 1382 3799 ⁸
1410 3759 1668 3823 Sallustii
1698 3759 1914 3820 bellum
1948 3754 2353 3818 Catilinarinm
2400 3761 2463 3812 et
2504 3753 2706 3832 Iugur-

570 3855 822 3919 thinum.
877 3858 1092 3939 Lipsiae
1120 3878 1226 3937 per
1253 3857 1495 3919 Martia.
1527 3854 2044 3935 Herbipolensem,
2075 3855 2277 3914 nux!
2304 3852 2431 3912 Pol.

489 3987 570 4001 -
599 3954 882 4016 Coloniae.
910 3962 971 4016 4.
1000 3955 1139 4017 Sall.
1167 3957 1390 4035 Opera,
1418 3977 1489 4017 ex
1526 3955 1765 4016 officina
1791 3951 2504 4023 Queuteliana.—Panner
2522 3948 2703 4010 Tora.

574 4065 668 4111 vr.
700 4070 835 4130 pag.
864 4050 1007 4124 369.
1744 4064 1755 4077 ·

490 4178 570 4209 -ι
599 4148 671 4207 C.
698 4147 892 4228 Crispi
918 4150 1176 4212 Sallustii
1203 4149 1350 4211 liber
1369 4150 1446 4210 de
1473 4148 1634 4210 bello
1660 4150 1696 4210 J
1703 4145 2040 4228 ugurthino.
2083 4145 2439 4224 Impressum
2466 4138 2694 4223 Lypnk

570 4260 678 4321 per
701 4245 1004 4307 Jacobum·
1017 4246 1322 4311 Thannera
1353 4247 1798 4311 Pois-Panna
1822 4242 2005 4313 Tum.
2018 4250 2169 4305 ‘v11.·
2188 4259 2324 4322 pag.
2338 4238 2496 4313 169.
