2984 4892
512 417 724 484 cxxiv

509 591 858 657 speculatores
880 590 974 640 citi
1004 591 1038 641 J
1063 594 1152 639 101
1223 590 1295 642 ibi
1321 603 1443 640 vero
1467 590 1568 640 vir·

513 658 735 708 tutemJ
759 663 821 705 58
890 656 1109 720 gladium
1149 657 1182 706 J
1220 660 1308 704 101
1379 657 1567 706 dubins

510 722 751 787 quidnam
777 722 982 770 insolita
1012 722 1174 769 facies
1199 721 1501 770 ostenderet
1531 721 1567 772 J

509 791 577 836 49
639 795 823 836 natm-a
847 788 947 834 iter
970 786 1013 834 C
1036 791 1066 834 2
1115 791 1234 848 (pro
1256 785 1571 846 declarare.)

511 850 742 901 facinora
766 859 1032 910 memorat,
1074 852 1270 900 scelera
1292 852 1342 904 in
1369 860 1569 915 patrem

510 916 739 966 ostendit
771 917 802 967 J
830 922 890 964 :33
962 915 1368 978 probatissimam
1406 914 1571 965 fremi-

510 995 631 1034 nam
655 983 789 1030 sicut
814 990 864 1028 vt
892 982 1035 1028 vivus
1063 982 1232 1030 multis
1271 982 1383 1044 ipse
1416 983 1568 1030 rebus

511 1046 740 1096 ostendit
763 1055 818 1094 et
843 1049 893 1094 in
918 1054 1084 1094 morte
1108 1061 1198 1095 sua
1223 1053 1568 1106 testament03

511 1111 815 1160 declaravit.
842 1112 952 1160 Cic.
979 1126 1073 1174 pro
1099 1112 1288 1160 owe-in.
1306 1116 1356 1159 8.
1425 1123 1569 1160 suam

512 1177 815 1225 sententiam
879 1178 1093 1225 'Fet-ent.
1155 1176 1365 1224 Phorm.
1412 1191 1463 1232 v.
1519 1181 1570 1225 4.

513 1242 762 1290 scelerum
783 1240 970 1289 indicia
990 1241 1098 1289 Cic.
1117 1240 1182 1288 de
1201 1240 1393 1303 Arusp.
1413 1240 1570 1304 Resp.

513 1306 626 1368 ipsa
646 1320 702 1354 se
726 1306 887 1354 virtus
915 1306 1057 1364 satis,
1081 1305 1182 1353 illis
1201 1305 1421 1354 artificio
1440 1320 1570 1368 opus

513 1377 612 1432 est,
645 1374 744 1420 ecc.
788 1370 819 1420 J
863 1376 923 1418 85
994 1370 1294 1420 ostentabat
1318 1370 1491 1418 ludum
1516 1378 1572 1419 et

513 1435 771 1484 lasciviam
797 1436 957 1496 magis
992 1450 1145 1499 quam
1185 1433 1512 1483 formidinem
1535 1435 1570 1487 J

513 1504 577 1549 25
600 1506 655 1549 et
673 1504 739 1550 66
798 1499 986 1549 faciem
1010 1500 1292 1549 comminus
1313 1500 1354 1547 1⁴¹
1376 1503 1490 1559 827,
1507 1503 1569 1547 25

513 1564 820 1614 ostentando
845 1565 1088 1614 virtutem
1110 1564 1143 1615 J
1168 1569 1198 1614 7
1265 1565 1477 1628 praemia
1499 1562 1573 1612 af-

512 1627 707 1679 fectare
752 1630 994 1679 civitates
1053 1630 1086 1679 J
1132 1634 1198 1678 66
1286 1630 1573 1692 triumphos

514 1694 678 1745 suosJ
693 1698 752 1743 :st
796 1707 908 1743 sese
925 1694 1141 1759 quisque
1159 1693 1348 1742 bonum
1368 1702 1424 1742 et
1443 1701 1573 1743 stre-

511 1773 669 1808 nuum
703 1760 745 1807 F
766 1763 880 1818 325,
907 1764 965 1807 14
1032 1759 1313 1808 amicitiam
1352 1759 1573 1820 gloriose

514 1824 558 1873 1³·
579 1828 694 1886 813,
722 1829 778 1873 11
847 1823 1040 1872 servitii
1068 1824 1291 1886 pretium
1332 1825 1370 1871 F
1401 1828 1518 1884 306,
1541 1829 1574 1873 7

516 1887 741 1951 praedam
764 1888 983 1951 benigne
1016 1888 1049 1939 J
1080 1892 1146 1937 68
1212 1887 1380 1938 scenis
1403 1887 1469 1936 ad
1492 1903 1572 1936 os·

514 1953 849 2003 tentationem
891 1954 1192 2002 histrionum
1230 1952 1495 2002 fabricatis
1532 1954 1574 2002 F

513 2021 687 2079 294,6
756 2019 975 2069 Quintil.
1015 2018 1166 2067 Orat.
1204 2019 1259 2079 ii,
1291 2022 1369 2066 10.
1437 2019 1575 2068 Nam

515 2084 558 2132 si
602 2080 714 2132 foro
752 2097 854 2132 non
893 2091 1178 2147 praeparat,
1218 2091 1308 2132 aut
1350 2082 1574 2132 seenicae

513 2149 866 2210 ostentationi,
880 2157 970 2197 aut
988 2147 1195 2196 furiosae
1213 2146 1575 2197 vociferationi

514 2212 823 2262 simillimum
848 2220 946 2263 est.
1018 2212 1267 2262 Ostentui
1305 2218 1363 2261 ut
1407 2226 1575 2262 essem

513 2276 790 2342 Jugurtbae
815 2279 1084 2327 scelernm.
1119 2279 1200 2340 (ut
1224 2276 1277 2325 in
1297 2291 1379 2325 me
1404 2283 1573 2326 osten·

513 2341 752 2406 deretur)
786 2343 821 2393 J
849 2346 912 2391 24
978 2342 1067 2390 illa
1108 2342 1386 2392 deditionis
1426 2342 1575 2405 signa

514 2409 738 2456 ostentui
762 2408 975 2456 credere
1003 2406 1034 2456 J
1059 2411 1123 2454 46
1186 2406 1242 2454 Si
1267 2407 1407 2456 aliud
1431 2407 1576 2470 quid-

515 2470 632 2520 dam
658 2472 876 2520 obscure
899 2470 1197 2532 moliuntur,
1236 2471 1374 2519 aliud
1399 2472 1577 2533 specie

514 2534 850 2648 {simulationis
893 2541 1173 2584 ostentant.
1252 2535 1368 2586 Cic.
1409 2535 1476 2585 de
1518 2537 1578 2586 1..

568 2614 712 2663 grar.

582 2665 694 2714 Otii
716 2679 809 2729 spe
833 2664 1058 2714 laborem
1078 2671 1376 2716 sustentant
1401 2666 1441 2715 F
1460 2670 1579 2728 845,

513 2734 545 2778 4
612 2729 728 2780 loca
751 2731 1043 2793 voluptaria
1066 2729 1219 2779 facile
1245 2731 1298 2779 in
1320 2732 1427 2780 otio
1450 2731 1579 2779 mili-

517 2801 628 2843 tum
671 2793 870 2844 animos
904 2796 1227 2845 muniverant
1264 2796 1308 2845 C
1344 2801 1401 2844 11
1471 2809 1578 2844 ma-

503 2859 693 2924 jusque
713 2859 1036 2909 commodum
1059 2875 1125 2909 ex
1154 2859 1262 2909 otio
1285 2875 1400 2910 meo
1422 2875 1577 2925 quam

517 2939 583 2972 ex
608 2923 826 2974 aliorum
848 2925 1074 2991 negotiis
1115 2924 1416 2989 reipublicae
1457 2939 1576 2974 ven·

519 2995 690 3038 turum
711 2990 746 3040 J
769 2994 801 3039 4
866 2991 918 3038 in
943 2991 1050 3040 otio
1073 2988 1274 3039 facinus
1295 3004 1442 3039 suum
1460 3004 1577 3039 cum

519 3054 689 3103 animo
727 3061 975 3118 reputans
1012 3055 1047 3107 J
1089 3059 1149 3103 18
1217 3054 1341 3104 talia
1364 3055 1587 3104 consilia·

518 3133 615 3182 per
635 3118 794 3168 otium
819 3130 875 3169 et
899 3134 964 3168 ex
984 3119 1379 3183 opportunitate
1401 3119 1518 3183 capi
1542 3119 1577 3171 J

516 3187 582 3231 76
670 3183 833 3248 quieti
872 3190 928 3232 et
974 3185 1079 3234 otio
1122 3183 1393 3233 adversum
1436 3184 1469 3233 J
1513 3188 1579 3234 66

516 3248 780 3298 luxurioso
814 3247 850 3298 J
881 3253 946 3297 95
1015 3249 1202 3298 bonum
1237 3254 1511 3299 conterere
1535 3250 1577 3299 C

517 3317 548 3362 4
607 3328 673 3362 ue
697 3327 792 3377 per
814 3313 977 3362 otium
1001 3318 1364 3377 torpescerent
1385 3328 1579 3365 manus.

517 3377 562 3425 C
587 3381 649 3426 16
714 3378 869 3427 otiosi
908 3377 1046 3441 apud
1083 3378 1196 3427 Cic.
1229 3378 1318 3444 qui
1358 3391 1415 3427 se
1445 3379 1577 3443 Rep.

518 3440 1155 3491 abstinentz——suum
1197 3443 1456 3508 negotium
1497 3459 1581 3507 ge-

517 3512 642 3556 runt
661 3506 833 3556 otiosi.
860 3507 986 3555 Laet.
1011 3511 1092 3555 86.
1162 3508 1237 3555 uti
1278 3522 1373 3570 per
1415 3507 1577 3557 otium

518 3570 623 3622 tuti
666 3570 823 3620 simus
864 3571 897 3622 J
947 3575 1009 3620 14
1089 3577 1355 3636 postquam
1400 3572 1578 3637 adepti

519 3642 660 3697 sunt,
692 3637 923 3700 asperius
947 3636 1285 3701 acerbiusque
1308 3635 1407 3686 fuit
1443 3639 1476 3688 J
1513 3642 1575 3687 41

614 3715 678 3751 ve
697 3715 874 3764 regno.
892 3701 1083 3752 Justin.
1102 3717 1190 3763 xx,
1206 3707 1251 3750 1.
1267 3702 1444 3751 Codex
1460 3702 1579 3752 Bib.

570 3764 656 3815 ub.
675 3780 790 3830 pro,
819 3766 999 3828 otium,
1020 3766 1259 3820 hostium.
1280 3781 1391 3831 pro,
1423 3774 1479 3816 et
1509 3782 1579 3818 m.

517 3835 579 3881 ut
591 3838 647 3880 et
659 3845 727 3879 m.
743 3845 856 3894 pro,
914 3846 991 3880 uoe
1010 3845 1150 3894 gens,
1171 3833 1370 3896 gentes.
1389 3834 1581 3882 metuit

518 3895 633 3944 odit
657 3895 848 3945 bellum
872 3847 1047 3955 3283,
1063 3900 1095 3945 2
1161 3896 1312 3958 pauci
1333 3898 1579 3947 restitere

554 3960 702 4010 uibus
723 3960 889 4023 majus
923 3961 1087 4010 otium
1122 3960 1170 4009 in
1207 3962 1390 4011 castris
1422 3977 1577 4026 quam

654 4038 700 4074 ω
722 4022 955 4076 futurum
977 4031 1110 4088 erat,
1148 4031 1293 4074 tanta
1315 4025 1391 4074 vis
1412 4025 1578 4076 credi-

518 4094 694 4139 torum
734 4089 1070 4152 impendebat
1111 4090 1153 4138 F
1184 4094 1301 4150 841,
1325 4094 1387 4139 14
1453 4106 1578 4155 quo-

519 4167 635 4203 rum
659 4159 789 4204 netas
813 4168 877 4204 ne
877 4169 996 4269 tper
1015 4154 1175 4205 otium
1210 4154 1419 4219 quidem
1462 4157 1579 4208 talis

519 4218 799 4285 voluptatis
821 4227 876 4270 at
920 4219 1064 4286 gerit
1088 4220 1129 4269 F
1151 4223 1266 4284 848,
1290 4224 1349 4270 16

1184 430 1428 482 ΙΝὓΕΧ
1479 432 2030 482 GRAMMATICUS

2156 721 2202 771 P

1710 851 1911 903 Pabula
1951 853 2082 902 scire
2129 851 2394 914 incognita
2442 853 2625 916 8291,
2651 858 2722 904 29

1645 924 1847 978 egestas
1870 918 1905 970 J
1926 922 1990 966 44
2057 917 2267 978 frugum
2309 918 2593 982 pabulique
2616 919 2723 968 la·-

1646 989 1728 1030 tus
1753 998 1876 1044 ager
1898 984 1938 1031 F
1958 987 2072 1043 292,
2102 987 2163 1031 19
2228 981 2493 1030 frumento
2518 991 2610 1032 aut
2633 999 2723 1047 pa-

1648 1048 1769 1096 bulo
1790 1062 1919 1111 opus
1939 1047 1972 1098 J
1996 1054 2057 1096 5⁵
2128 1048 2333 1110 pecoris
2364 1049 2531 1110 magis
2563 1063 2721 1113 quam

1645 1127 1769 1160 arvo
1793 1113 2008 1162 student
2046 1111 2079 1162 J
2124 1116 2190 1160 90
2276 1114 2389 1175 quis
2413 1115 2566 1161 cibus
2590 1128 2720 1162 caro

1645 1175 1813 1225 ferina
1836 1185 1990 1242 atque
2014 1178 2149 1225 ltumi
2176 1177 2440 1238 pabulum,
2457 1178 2534 1227 uti
2563 1193 2719 1241 peeo-

1646 1241 1788 1290 ribus
1825 1244 1858 1293 J
1904 1246 1965 1291 13
2033 1241 2337 1290 Animorum
2368 1242 2723 1303 ingeniorum·

1646 1321 1747 1370 que
1786 1308 2024 1356 naturale
2070 1307 2215 1371 quasi
2254 1307 2515 1371 quoddam
2555 1309 2722 1370 pabu-

1647 1372 1752 1419 lum
1770 1372 2118 1420 consideratio
2133 1372 2615 1437 contemplatioque
2633 1382 2720 1421 eat

1647 1436 1758 1485 Cic.
1782 1437 1851 1485 iv.
1888 1434 2052 1485 Acad.
2071 1440 2186 1486 229.
2250 1435 2440 1485 Studii.
2478 1437 2629 1486 Idem
2649 1437 2719 1487 de

1647 1503 1858 1551 Senect.

1716 1566 1952 1615 Pacatis:
1993 1579 2059 1614 ex
2100 1565 2301 1630 pacatis
2346 1565 2554 1629 praedas
2594 1582 2719 1633 age-

1647 1629 1776 1679 bant
1797 1631 1830 1682 J
1856 1635 1920 1679 82

1714 1695 1888 1745 Pace:
1925 1701 1980 1744 et
2014 1694 2063 1743 in
2096 1709 2227 1758 pace
2260 1701 2316 1744 et
2350 1710 2448 1759 per
2480 1695 2721 1746 inducias

1649 1758 1848 1809 nefaria
1871 1759 2107 1810 facinora
2130 1758 2378 1809 fecissem
2403 1762 2448 1809 C
2470 1766 2531 1810 51
2609 1761 2720 1810 bel-

1648 1826 1754 1873 lum
1777 1826 1997 1874 mutavit
2020 1825 2064 1875 C
2086 1830 2151 1874 58
2216 1839 2385 1889 neque
2410 1826 2550 1875 bello
2568 1827 2719 1875 nobis

1647 1899 1801 1938 autea
1824 1890 2058 1952 cognitus
2074 1891 2109 1941 J
2130 1893 2193 1938 19
2233 1888 2299 1938 de
2320 1904 2448 1954 pace
2466 1898 2557 1939 aut
2581 1891 2720 1941 bello

1651 1956 1914 2018 pactiones
1937 1953 2189 2004 fecissent
2208 1953 2243 2005 J
2264 1960 2331 2005 40
2397 1957 2442 2005 si
2466 1955 2721 2005 ambobus

1651 2034 1834 2082 pacem
1858 2028 2022 2069 ratam
2049 2020 2209 2068 vellet
2229 2019 2265 2070 J
2303 2024 2399 2069 112
2466 2022 2517 2069 in
2561 2020 2721 2070 collo-

1649 2084 1824 2149 quium
1868 2085 1943 2135 uti
1985 2085 2053 2134 de
2089 2093 2218 2147 paee
2260 2085 2523 2135 veniretur
2558 2085 2593 2137 J
2622 2090 2722 2136 113

1653 2149 1845 2199 bellum
1870 2150 2085 2198 aliorum
2122 2163 2255 2213 pace
2285 2150 2491 2200 mollius
2630 2151 2643 2162 “
2674 2151 2721 2200 ti

1650 2214 1830 2276 Fun,
1854 2219 1915 2264 14
1981 2214 2047 2263 de
2080 2227 2210 2276 pace
2252 2221 2304 2265 at
2343 2230 2406 2264 ue
2451 2215 2483 2264 b
2541 2217 2591 2264 lo
2612 2216 2721 2278 agi-

1651 2278 1864 2328 tandum
1886 2284 1970 2328 est
1990 2280 2033 2328 F
2049 2282 2165 2342 841,
2184 2283 2250 2328 20
2344 2294 2373 2329 e
2394 2279 2651 2329 firmanda
2676 2281 2721 2328 F

1649 2347 1849 2406 848,17
1915 2344 2083 2393 socios
2114 2342 2166 2391 in
2205 2357 2335 2407 pace
2356 2343 2511 2393 finna
2533 2345 2726 2395 cousti-

1651 2415 1768 2457 tues
1792 2409 1833 2457 F
1854 2411 1969 2471 344,
1996 2412 2059 2458 19
2110 2421 2279 2472 neque
2301 2409 2499 2460 bellum
2520 2423 2723 2475 gerere,

1649 2487 1817 2537 neque
1862 2485 2044 2535 pacem
2085 2473 2277 2522 babere
2321 2473 2365 2522 C
2411 2478 2476 2523 31
2565 2489 2723 2538 spero

1650 2537 1809 2651 5:332·
1826 2538 2722 2667 ³31?‘?÷‡⁸⁰:33⁹²2;ff.232‚¹;2¹’555

1649 2667 1681 2717 J
1710 2672 1771 2716 14
1796 2674 1850 2716 et
1876 2672 1971 2717 109
2024 2682 2180 2729 agere
2205 2668 2247 2716 F
2268 2672 2386 2731 843,
2410 2673 2471 2718 17
2532 2683 2718 2731 pacem

1650 2732 1888 2796 gorensJ
1912 2736 1980 2782 46
2044 2733 2192 2797 virg.
2257 2746 2313 2781 ro
2354 2745 2609 2783 exercere
2646 2735 2720 2782 iv.

1650 2797 1763 2846 AEn.
1785 2801 1868 2846 20.
1935 2798 2165 2848 abnuere
2276 2802 2343 2847 47
2410 2798 2719 2848 inminuere

1650 2859 1902 2911 BocchiJ
1928 2867 1989 2912 81
2058 2861 2125 2912 ad
2165 2861 2505 2912 simulandam
2543 2864 2578 2914 J
2624 2869 2713 2913 111

1650 2933 1959 2976 conventam
1978 2941 2097 2976 cum
2115 2928 2183 2975 im
2222 2928 2515 2978 crateribus
2534 2929 2719 2978 Rotna-

1651 2991 1731 3039 nis
1753 2989 1942 3041 frustra
1963 2990 2126 3040 fuisse
2222 2996 2317 3041 112
2384 3003 2640 3055 prmstare
2662 3003 2721 3044 et

1650 3055 1843 3105 bellum
1868 3056 1976 3120 pati
2016 3057 2059 3105 F
2093 3059 2211 3118 260,
2240 3061 2274 3105 8
2340 3058 2536 3120 optatis
2558 3059 2717 3121 magis

1654 3135 1805 3184 quam
1829 3119 2121 3171 defenditis·
2144 3121 2183 3169 F
2204 3125 2321 3185 280,
2344 3125 2401 3171 14
2470 3123 2718 3172 decreve-

1653 3192 1775 3234 runt
1797 3186 1839 3234 F
1861 3190 1976 3248 280,
1995 3190 2058 3236 21
2131 3185 2293 3235 dilata
2332 3187 2519 3249 proelia
2552 3189 2717 3253 magis

1653 3264 1802 3314 quam
1866 3266 2009 3300 acem
2032 3251 2209 3300 datam
2234 3251 2275 3299 F
2291 3254 2407 3314 814,
2427 3256 2491 3301 12
2524 3254 2720 3303 stabili·

1654 3315 1789 3364 visse
1889 3319 2088 3378 845,18
2156 3315 2311 3376 bena,
2350 3330 2533 3380 paces,
2575 3317 2610 3367 J
2654 3321 2717 3367 31

1654 3379 1739 3428 Sic
1766 3378 1940 3430 Plaut.
1976 3381 2159 3430 Persa.
2197 3394 2255 3430 re
2277 3381 2483 3444 placida
2506 3381 2717 3446 pacibus

1655 3442 1891 3507 perfecti.
1925 3453 1981 3495 et
2010 3445 2270 3494 Rudente.
2302 3458 2464 3508 paces
2493 3449 2721 3511 expetis-

1654 3516 1791 3560 sunt.
1817 3509 2005 3559 Horat.
2029 3510 2080 3560 ii.
2114 3510 2215 3574 Ep.
2238 3510 2275 3573 i,
2293 3514 2405 3559 102.
2442 3511 2539 3560 boc
2564 3526 2719 3575 paces

1654 3573 1881 3624 habuere
1906 3576 2076 3638 boum,
2095 3575 2342 3638 ventique
2366 3577 2602 3625 secundi.
2636 3578 2719 3641 (et

1653 3637 1799 3702 alibi)
1816 3640 2025 3689 Lucret.
2042 3654 2093 3689 v.
2111 3643 2224 3690 247.
2247 3641 2532 3690 Ventorum
2547 3653 2719 3707 paces.

1653 3703 1824 3753 Varro
1864 3703 1933 3754 de
1978 3705 2081 3754 vita
2127 3705 2190 3755 Ρ.
2238 3705 2384 3754 Rom.
2426 3706 2618 3769 quibus
2650 3707 2718 3755 de

1655 3770 1822 3818 causis
1874 3770 2241 3820 constituerint
2282 3783 2457 3832 paces.
2504 3785 2719 3834 reeupe-

1657 3833 1835 3884 raudae
1873 3834 1908 3886 J
1950 3838 2017 3884 29
2119 3834 2225 3883 acis
2263 3847 2409 3884 mora
2448 3834 2715 3886 ludificare

1656 3898 1691 3948 J
1716 3902 1781 3947 82
1848 3898 2059 3948 dubium
2159 3899 2212 3948 lli
2254 3904 2413 3963 atque
2450 3900 2599 3963 pacis
2636 3914 2716 3949 ra·

1660 3963 1824 4012 tiones
1851 3964 2051 4013 trahere
2082 3963 2115 4015 J
2138 3968 2204 4012 97
2269 3977 2369 4027 qu
2389 3964 2715 4016 attinuisse-l

1660 4032 1755 4077 108
1810 4028 1937 4093 jura
1958 4033 2144 4093 repeto
2182 4029 2225 4078 F
2261 4031 2377 4089 276,
2406 4032 2475 4078 28
2540 4031 2717 4094 speeie

1658 4094 1837 4156 Ρ278,
1876 4097 1941 4142 16
2003 4093 2156 4142 modo
2192 4090 2379 4141 effusas
2414 4094 2459 4142 1²·
2499 4097 2617 4158 331,
2652 4099 2717 4144 29

1659 4156 1805 4207 bouis
1824 4156 2025 4208 artibus
2064 4158 2108 4207 F
2138 4161 2254 4218 840,
2288 4161 2352 4206 19
2414 4173 2574 4208 eausa
2609 4160 2717 4209 bel,

1656 4222 1762 4271 lum
1783 4229 1975 4285 gerunt
2014 4223 2054 4272 F
2093 4225 2257 4286 845,8
2322 4221 2717 4276 sonatan-ma

1655 4292 1713 4340 et
1732 4286 1854 4338 belli
1879 4287 2093 4354 premia
2115 4287 2157 4338 1²
2177 4291 2293 4352 369,
2311 4290 2376 4338 21
