2984 4892
568 400 764 480 xlviii

567 571 745 638 tlcatn,
780 586 1071 639 quanquam
1092 570 1394 634 Terentius,
1425 572 1648 638 quidem.

568 640 868 690 constituta:
930 638 1126 700 nuptiae
1177 639 1229 687 in
1284 639 1419 687 bunc
1477 640 1633 697 diem,

567 703 709 754 And.
734 706 769 767 i,
790 710 837 753 5.
887 713 941 753 et
965 703 1287 753 constituero
1321 716 1524 767 tempus
1542 705 1634 753 ali-

568 770 657 821 cui
683 769 758 818 rei
790 773 840 817 in
877 769 949 820 iii.
984 769 1048 817 de
1094 771 1152 816 ll.
1176 767 1236 818 C.
1294 769 1491 828 Caesar,
1533 770 1636 818 iter

568 834 637 884 &d
683 834 877 884 Cirtam
918 835 1261 895 cunstitnunt,
1295 834 1330 886 J
1370 838 1431 883 81
1514 834 1634 899 (pro

564 899 671 950 iter
682 898 895 1016 jacere)
930 914 1045 965 quae
1083 899 1229 948 utilia
1254 900 1360 949 visa
1380 900 1636 950 constitu·

567 969 665 1014 unt
745 970 831 1014 lli

631 1029 912 1079 constrata
936 1030 1055 1079 telis
1077 1032 1249 1080 omnia
1268 1029 1304 1081 J
1325 1033 1417 1079 101

565 1094 761 1144 ossibus
786 1096 972 1158 campi,
989 1095 1135 1146 Curt.

631 1159 944 1211 Constructa
967 1160 1198 1210 maria.C
1224 1163 1284 1209 13

630 1225 965 1275 Consuefacit
989 1226 1195 1276 ordines
1219 1226 1408 1275 babere
1441 1225 1638 1289 (multi-

560 1289 821 1354 tudinem)
874 1290 908 1342 J
952 1295 1018 1341 80
1105 1292 1368 1341 Consueta
1415 1291 1632 1340 babeam

564 1368 742 1405 omnes
782 1356 1005 1418 labores,
1040 1358 1273 1420 pericula
1308 1356 1338 1408 J
1365 1360 1427 1405 85
1498 1355 1633 1405 Con-

564 1427 712 1470 sueta
730 1427 914 1485 petens
933 1436 963 1470 e
980 1419 1223 1471 fluctibus
1245 1430 1412 1484 antra,
1431 1421 1631 1486 Georg.

562 1485 635 1547 iv,
657 1490 720 1535 87
739 1503 751 1535 :
800 1494 859 1535 ut
884 1501 1025 1537 cous.
1068 1501 1295 1536 amorem
1343 1485 1498 1536 facile
1523 1501 1631 1536 cer-

560 1548 1632 1681 2:3⁸133120³-‘n⁸3÷³3032¹32¹5.¹3.22⁸.3;‚¹32·2

562 1688 683 1732 tunt
706 1683 749 1731 F
770 1684 886 1747 344,
906 1686 940 1732 9
969 1683 1176 1733 Terent.
1198 1697 1319 1741 non,
1344 1690 1634 1747 suppetunt

560 1746 716 1797 dictis
734 1746 873 1797 data.
922 1761 984 1796 eo
1009 1762 1131 1797 vero
1146 1748 1382 1798 consueti
1400 1748 1521 1814 equi
1538 1747 1632 1811 (de

560 1812 694 1863 culle
715 1812 967 1878 loquitur)
988 1813 1021 1865 J
1046 1817 1112 1863 50
1316 1828 1323 1835 ·

580 1886 593 1896 ·
625 1877 1030 1929 consuetudine:
1050 1878 1309 1943 publicam
1330 1877 1630 1928 miserorum

557 1954 763 1992 causam
781 1956 874 2007 pro
887 1957 1002 1993 mea
1023 1951 1258 1994 consuet.
1273 1943 1476 2008 suscepi
1500 1944 1546 1993 C
1566 1947 1629 1994 35

562 2006 748 2058 Cicero
771 2023 867 2073 pro
907 2009 1066 2059 Arcb.
1101 2024 1213 2074 qnae
1251 2009 1316 2058 de
1340 2023 1498 2058 causa
1533 2010 1630 2075 pro

557 2084 679 2123 mea
689 2084 804 2123 eon.
839 2074 1068 2124 breviter
1083 2074 1488 2151 simpliciterque
1504 2074 1631 2127 dixi.

559 2138 693 2191 Quae
732 2153 1023 2204 quanquam
1057 2154 1237 2205 gravia
1274 2145 1413 2202 sunt,
1454 2145 1631 2190 tamen

558 2202 932 2253 consuetudine
948 2205 1060 2269 jam
1086 2220 1179 2269 pro
1194 2205 1354 2254 nihilo
1373 2205 1632 2255 habentur

555 2267 592 2329 J
617 2270 678 2318 31
769 2283 835 2317 ex
877 2270 1256 2319 cousuetudine
1301 2276 1444 2319 ratus
1481 2271 1515 2322 J
1563 2275 1625 2321 ⁷1

556 2331 872 2383 benefacere
903 2334 1014 2399 jam
1049 2348 1116 2384 ex
1154 2334 1533 2385 consuetudine
1575 2337 1630 2385 in

553 2406 792 2450 naturam
810 2400 970 2450 vertit
1002 2399 1037 2451 J
1072 2404 1135 2450 85
1202 2406 1354 2450 vetus
1386 2401 1555 2466 stupri
1584 2402 1630 2451 C

618 2529 920 2595 consuevit,
941 2528 1099 2580 sicuti
1135 2528 1189 2579 in
1220 2529 1517 2584 solennibus
1552 2546 1630 2583 sa·

554 2594 655 2644 cris
674 2592 791 2644 fieri
814 2595 1083 2646 consuevit
1106 2596 1148 2646 C
1171 2599 1236 2646 22

619 2659 842 2710 Consul:
868 2661 1133 2711 vobiscum
1154 2677 1259 2711 una
1279 2663 1454 2712 consul
1475 2678 1626 2728 agam

554 2720 677 2775 02⁰
732 2725 1034 2802 designatus
1046 2727 1091 2778 C
1107 2730 1172 2776 50
1190 2734 1245 2778 et
1256 2724 1299 2779 vJ
1314 2732 1376 2778 43
1440 2744 1504 2779 ex
1519 2728 1626 2779 fac-

552 2789 698 2840 tione
728 2792 909 2841 media
930 2793 971 2840 F
993 2796 1111 2855 301,
1131 2797 1195 2842 16
1260 2807 1365 2842 non
1400 2807 1465 2843 ex
1497 2809 1624 2858 opu·

553 2854 716 2905 lentia
739 2852 830 2905 sed
856 2871 921 2905 ex
937 2857 1190 2919 dignitate
1213 2864 1422 2908 creetur
1442 2860 1487 2908 F
1510 2862 1627 2926 354,

549 2922 587 2970 0
618 2933 651 2970 a
673 2919 801 2971 Con.
834 2927 1042 2983 rogatus
1079 2924 1389 2972 sententiam
1421 2924 1501 2990 (in
1547 2939 1624 2975 se·

550 2991 680 3035 natu
702 2982 839 3049 scil.)
874 2987 917 3036 C
937 2991 1000 3036 50
1064 3002 1253 3053 magna
1267 2988 1355 3037 illa
1378 2989 1508 3041 Con.
1529 2990 1623 3039 im·

550 3050 699 3114 peria
722 3056 777 3101 et
796 3057 1005 3117 patrum
1029 3052 1240 3103 decreta
1254 3068 1345 3103 vos
1367 3066 1627 3120 exequen-

553 3110 621 3164 do
654 3122 771 3166 rata
805 3113 1013 3167 efficitis
1036 3118 1079 3167 F
1099 3120 1216 3183 305,
1254 3123 1283 3169 3
1369 3119 1623 3171 Consules

551 3179 885 3231 declarantur
907 3183 1125 3233 comitiis
1142 3185 1331 3235 habitis
1350 3184 1394 3235 C
1413 3189 1478 3235 24
1533 3185 1624 3235 de-

551 3244 736 3296 clami
777 3247 812 3299 J
831 3250 896 3297 27
962 3248 1151 3298 darent
1169 3264 1379 3314 operam
1402 3265 1469 3300 ne
1494 3250 1620 3316 quid

551 3309 871 3375 Respublica
908 3312 1212 3364 detrimenti
1253 3320 1470 3379 caperet
1493 3317 1537 3366 C
1556 3318 1622 3365 29

548 3372 789 3425 decernit
828 3378 904 3426 uti
944 3391 1061 3428 con.
1095 3379 1353 3430 delectum
1390 3380 1625 3431 babeant

551 3437 596 3489 C
614 3442 679 3488 36
721 3439 850 3490 facti
871 3442 905 3494 J
929 3446 991 3492 85
1028 3441 1224 3493 fecistis
1248 3458 1340 3493 nos
1357 3445 1398 3494 F
1418 3449 1533 3509 323,
1556 3450 1623 3497 20

548 3502 751 3555 {lictum
792 3521 909 3557 con.
944 3513 1228 3573 acceperat
1250 3509 1284 3561 J
1316 3513 1383 3559 82
1449 3524 1622 3577 neque

547 3569 749 3621 insidiae
804 3573 1001 3622 consuli
1051 3574 1414 3637 procedebant
1473 3577 1517 3626 C
1556 3579 1621 3627 32

548 3637 746 3687 consuli
770 3636 982 3688 insidias
1004 3645 1270 3688 maturent
1293 3641 1336 3690 C
1359 3643 1423 3689 32
1490 3640 1622 3691 invi·

547 3700 686 3752 diam
730 3703 930 3753 consuli
973 3704 1266 3769 imponeret
1300 3704 1345 3755 C
1376 3709 1439 3756 43
1507 3705 1623 3756 dili-

615 3769 727 3819 ntia
749 3769 946 3819 clariss.
979 3769 1075 3819 viri
1109 3768 1333 3820 consulis
1357 3771 1399 3821 C
1422 3774 1484 3820 51
1555 3771 1620 3821 de

602 3840 690 3883 cto
714 3834 940 3884 consulis
963 3842 1250 3885 conventus
1289 3835 1474 3900 agitari
1495 3835 1532 3888 J
1555 3841 1621 3887 30

586 3912 642 3947 er
663 3899 995 3951 ambitionem
1020 3901 1246 3951 consulis
1261 3901 1622 3952 memorabant

604 3966 670 4013 86
734 3978 904 4030 neque
926 3966 1151 4016 consulis
1168 3964 1225 4016 et
1240 3967 1460 4016 aliorum
1477 3967 1620 4030 prin·

482 4038 493 4047 ·
545 4027 720 4094 cipum
742 4030 786 4080 F
802 4034 917 4093 275,
936 4034 997 4080 13

568 4089 580 4103 “
612 4094 922 4145 Consulem:
959 4102 1142 4146 tuasne
1189 4096 1403 4147 in’urias
1444 4109 1618 4162 perse-

583 4172 678 4208 uar
696 4173 764 4209 an
786 4173 946 4221 regno
958 4163 1216 4212 consulam
1293 4166 1355 4213 14
1388 4160 1614 4226 Reipub.

612 4226 772 4286 324,4
829 4225 1195 4277 communibus
1214 4228 1439 4293 negotiis
1459 4228 1491 4281 J
1519 4233 1614 4279 105

545 4283 613 4334 de
636 4300 799 4338 uxore
836 4290 1011 4352 potuit
1047 4292 1306 4342 honestius
1341 4294 1540 4343 consuli
1578 4293 1616 4346 J

546 4350 611 4395 05
678 4350 777 4399 sibi
817 4353 1035 4418 quisque
1084 4371 1181 4419 pro
1214 4358 1440 4407 moribus
1471 4357 1509 4410 J
1547 4362 1614 4408 58

545 4423 791 4473 perverse
830 4430 1005 4468 rerum
1047 4426 1291 4485 potentes
1335 4422 1379 4473 F
1422 4426 1540 4487 uo,
1578 4428 1622 4473 0

1482 1030 1632 1080 strati

1241 426 1487 478 mont
1535 426 1575 475 G
1587 426 2092 478 RAnMAwtcus

1710 571 1800 621 ubi
1824 573 1900 622 ira
1937 571 2149 637 impulsi
2182 573 2318 623 male
2350 571 2678 626 consuluerint
2705 574 2741 624 C

1709 641 1769 686 51
1842 637 1928 686 ubi
1962 653 2076 688 con.
2112 647 2315 688 mature
2351 637 2496 687 facto
2529 654 2647 701 opas
2675 646 2746 689 est

1710 702 1754 751 C
1779 706 1805 751 1
1879 704 2027 767 Reip.
2064 704 2220 768 juxta
2263 718 2325 753 ac
2369 706 2466 753 sibi
2489 706 2531 753 C
2565 709 2624 753 37
2679 704 2744 754 Ea

1711 778 1833 816 vero
1855 769 2133 818 clementia
2151 770 2252 818 erit
2270 771 2580 818 consului-se
2599 785 2657 820 ne
2672 785 2745 820 ex·

1709 833 2030 897 pellerentur
2050 835 2093 883 F
2115 838 2230 898 345,
2253 840 2314 884 12
2381 850 2493 883 cnm
2530 850 2672 884 uxore
2690 836 2746 885 de

1711 898 1913 961 Repub.
1941 899 1981 947 1²
1999 902 2116 961 362,
2143 904 2211 949 22
2276 902 2564 949 consultum
2600 909 2670 950 est
2688 900 2744 949 dc

1709 962 1923 1012 Rhodiis
1946 963 1988 1011 C
2005 968 2070 1013 50
2135 965 2178 1014 si
2198 978 2313 1015 eon.
2337 965 2582 1014 ambobus
2614 966 2750 1015 vellet

1709 1032 1765 1076 et
1804 1035 1968 1078 ratam
2015 1044 2193 1093 pacem
2233 1030 2267 1081 J
2310 1035 2408 1079 112
2485 1031 2687 1081 Senatus
2722 1046 2748 1078 a

1715 1093 1891 1142 Bestia
1935 1097 2203 1151 consultus,
2243 1104 2324 1145 est
2368 1095 2405 1145 J
2441 1100 2506 1145 28
2595 1097 2746 1145 Romu

1707 1157 1931 1209 Senatus
1954 1159 2020 1208 de
2059 1161 2339 1224 provinciis
2364 1162 2621 1210 consultus
2650 1161 2748 1211 ,162

1707 1222 1956 1273 Senatum
1985 1225 2052 1274 de
2094 1223 2291 1275 foederc
2325 1226 2625 1275 consulebat
2643 1226 2674 1276 J
2695 1229 2748 1274 39

1710 1279 1955 1339 invadere
1977 1304 2132 1339 manu
2171 1292 2446 1340 consulere
2467 1291 2697 1340 militibus
2718 1290 2748 1342 J

1708 1357 1773 1403 98
1840 1355 2024 1404 Cicero
2047 1355 2115 1404 ad
2148 1355 2366 1405 Marcel.
2391 1356 2462 1418 iv,
2497 1362 2580 1406 9.:
2609 1358 2749 1406 Tuum

1708 1426 1789 1469 est
1834 1422 2105 1469 consulere
2145 1422 2499 1471 incolumitati
2546 1429 2599 1471 et
2632 1422 2751 1480 τίει,

1707 1487 1807 1534 διο.
1825 1485 2006 1535 Caesar
2027 1486 2091 1535 B.
2118 1486 2187 1536 G.
2211 1487 2369 1535 saluti
2394 1486 2610 1535 militum
2637 1486 2751 1537 bello

1706 1550 1878 1600 Tacit.
1901 1551 1970 1612 iv,
1990 1554 2074 1600 68.
2143 1550 2210 1600 de
2233 1553 2341 1600 vita
2361 1559 2523 1618 atque
2537 1564 2672 1616 tergo
2692 1566 2754 1599 re-

1708 1615 1792 1678 gio
1833 1630 1977 1665 more
2002 1616 2181 1677 F‘tts,
2203 1620 2232 1666 3
2309 1632 2413 1667 non
2456 1618 2646 1683 cogatis
2682 1631 2751 1665 ne·

1708 1681 2039 1731 cessitatibns
2063 1682 2307 1746 privatim
2345 1682 2474 1732 mibi
2513 1683 2749 1732 consulere

1708 1746 1889 1810 Ρ298,
1911 1751 1975 1795 18
2063 1747 2162 1796 sibi
2205 1762 2470 1813 regnoque
2503 1763 2594 1798 suo
2631 1748 2662 1801 J
2697 1750 2750 1796 33

1705 1826 1772 1860 ne
1793 1811 2001 1875 gravius
2038 1812 2090 1862 in
2135 1828 2256 1862 eum
2289 1812 2321 1865 J
2349 1818 2414 1862 13
2484 1814 2754 1863 Consulitar

1707 1877 1886 1926 statim
1919 1878 2193 1930 SenatusJ
2220 1883 2281 1928 15
2350 1878 2553 1928 animus
2588 1880 2638 1929 in
2654 1892 2752 1929 con·

1707 1942 1926 1992 uniendo
1966 1942 2105 1992 liber
2125 1944 2169 1994 C
2192 1947 2257 1994 52
2337 1943 2587 2009 dignitati
2619 1942 2754 2008 magi·

1707 2018 1864 2073 quam
1887 2008 1980 2057 irae
2002 2008 2036 2060 J
2057 2012 2120 2059 33

1773 2072 2081 2123 Consulares
2103 2087 2283 2123 omnes
2300 2074 2542 2140 itemque
2561 2073 2752 2125 Senatu

1707 2146 1895 2203 magna
1936 2154 2056 2204 pars
2079 2138 2123 2188 C
2155 2142 2220 2189 53
2301 2143 2582 2191 consulare
2620 2140 2753 2204 impe-

1707 2202 1840 2253 rium
1863 2204 2045 2254 Romae
2063 2205 2324 2254 babuerat
2348 2207 2396 2256 C
2412 2212 2477 2255 55

1772 2269 2110 2320 Consulatum
2136 2269 2354 2335 petendi
2380 2272 2427 2320 C
2448 2276 2514 2321 16
2565 2269 2628 2320 ad
2646 2269 2753 2319 Con.

1704 2335 2049 2386 mandandum
2087 2334 2258 2384 Tullio
2303 2336 2486 2386 studia
2525 2336 2756 2385 bominum

1706 2400 1951 2450 accendit
1970 2415 2036 2450 ea
2049 2415 2139 2450 res
2163 2400 2271 2450 023
2355 2401 2634 2451 mandatur
2651 2400 2684 2453 J
2702 2404 2756 2450 73

1704 2470 1884 2515 noster
1905 2465 1940 2517 J
1963 2470 2027 2515 85
2095 2466 2216 2515 milii
2238 2465 2340 2516 fuit
2365 2467 2412 2516 F
2433 2471 2552 2527 348,
2569 2469 2627 2516 13
2685 2478 2757 2530 ge-

1703 2529 1856 2580 rebat
1878 2530 1914 2582 J
1937 2534 2000 2581 35
2068 2538 2252 2596 petere
2280 2531 2316 2583 J
2361 2535 2429 2581 63
2519 2530 2756 2583 Nobilitas

1700 2594 1839 2645 inter
1857 2609 1915 2645 se
1933 2610 2033 2661 per
2047 2608 2227 2647 suanus
2240 2595 2496 2647 tradebat
2516 2597 2552 2648 J
2569 2600 2632 2646 63
2659 2609 2757 2646 sese

1702 2674 1768 2710 ex
1803 2662 1957 2711 victis
1979 2661 2080 2711 illis
2102 2662 2270 2726 spolia
2299 2676 2361 2711 ee
2405 2664 2508 2713 isse
2525 2663 2560 2715 J
2584 2665 2644 2712 86
2698 2672 2756 2711 ex

1701 2726 1898 2790 rapinis
1920 2726 2140 2793 adeptus
2161 2735 2243 2776 est
2265 2727 2306 2776 1³·
2427 2763 2445 2791 ,
2472 2732 2536 2777 16
2588 2741 2618 2776 a
2637 2728 2758 2791 prin·

1701 2791 1840 2855 cipio
1881 2806 2027 2841 cons.
2060 2792 2140 2843 sui
2178 2793 2223 2844 C
2244 2796 2310 2842 26
2379 2793 2568 2859 ingens
2590 2792 2757 2856 cupido

1699 2857 2004 2920 exagitabat
2027 2857 2060 2910 J
2083 2862 2145 2908 63
2198 2857 2284 2909 cui
2298 2861 2600 2909 consulatus
2618 2857 2757 2909 maxi·

1699 2936 1867 3037 39th
1886 2922 2180 3038 siapgginm
2243 2924 2479 2975 maximo
2533 2922 2759 2974 dedecori

1759 3003 1776 3037 ¹
1985 3023 2000 3050 v

1768 3053 2019 3103 Consulta
2072 3059 2130 3104 et
2178 3052 2395 3105 decreta
2439 3050 2758 3120 quinquennii

1701 3117 1923 3182 rescindi
1945 3118 1977 3171 J
2007 3122 2064 3168 11
2127 3117 2358 3184 Proprie
2398 3135 2517 3185 qnae
2555 3132 2620 3169 ex
2656 3132 2757 3168 cou-

1700 3182 1807 3233 cilii
1830 3184 2093 3233 sententia
2127 3188 2440 3234 statuuntur
2472 3191 2537 3235 ut
2568 3184 2755 3234 decreta

1698 3247 2756 3377 flzsssszsszffl.t“ffef.fzff⁵{33¹z.t⁰a·ss

1692 3378 1892 3443 jung-lt,
1911 3380 2077 3429 levius
2096 3379 2235 3429 enim
2267 3380 2558 3446 vaniusque
2580 3386 2658 3429 est
2676 3391 2754 3427 sua

1700 3441 1912 3494 decreta
1935 3449 1992 3494 et
2014 3445 2252 3494 consulta
2277 3446 2485 3496 tollere.
2521 3458 2616 3510 pro
2649 3457 2752 3495 con·

1698 3507 1824 3559 siliis
1849 3509 2015 3559 utitur
2035 3510 2205 3559 Tacit.
2225 3509 2470 3560 mollibus
2510 3510 2752 3560 consultis.

1698 3570 1801 3624 An.
1825 3574 1864 3636 i,
1884 3577 1968 3624 40.
2035 3574 2210 3624 omnia
2239 3589 2340 3624 non
2364 3575 2502 3625 bene
2536 3574 2751 3624 consulta

1697 3637 1751 3687 in
1796 3638 2048 3689 virtutem
2086 3639 2429 3690 trahebantur
2460 3640 2496 3692 J
2527 3644 2593 3690 92
2653 3652 2752 3689 sese

1698 3704 1870 3754 omnia
1892 3720 2008 3754 cnm
2033 3705 2122 3753 illo
2160 3706 2362 3769 integra
2397 3705 2592 3755 babere
2610 3705 2645 3757 J
2669 3706 2749 3754 1oe

1695 3766 1841 3819 facta
1863 3770 2204 3835 consultaque
2224 3773 2331 3819 e‘us
2345 3770 2565 3837 aemu‘lus
2589 3770 2632 3819 F
2646 3772 2748 3829 308,

1695 3834 1759 3883 24
1825 3835 2194 3885 consultabant
2282 3836 2387 3900 eip.
2424 3835 2472 3884 C
2491 3839 2526 3885 6
2590 3834 2655 3885 de
2682 3848 2749 3884 re·

1696 3899 1789 3949 bus
1809 3899 1982 3949 dubiis
2005 3901 2132 3953 C,5l
2202 3901 2253 3950 in
2270 3900 2497 3950 medium
2535 3901 2577 3950 F
2596 3902 2747 3960 alm

1761 3966 2039 4015 Consultor
2070 3966 2209 4016 idern
2232 3973 2287 4016 ct
2317 3966 2485 4015 socius
2506 3965 2543 4015 J
2565 3970 2628 4016 88
2677 3962 2746 4013 uti

1693 4025 1866 4079 fautor
1885 4031 2147 4081 consultor
2167 4031 2266 4080 sibi
2291 4031 2422 4080 adsit
2446 4030 2483 4080 J
2511 4033 2603 4080 103
2663 4026 2744 4081 Jo-

1692 4108 1810 4144 vem
1849 4103 1942 4145 ant
1963 4096 2121 4146 alium
2190 4108 2306 4146 nem
2325 4095 2480 4145 deum
2504 4095 2744 4144 consulto·

1693 4168 1801 4209 rem
1822 4163 2112 4227 expectatis
2193 4165 2349 4227 305,2
2412 4160 2654 4225 cupidine
2673 4168 2742 4208 at·

1692 4230 1793 4339 qam?
1814 4225 1938 4343 {rictu
1927 4227 2162 4292 pessimis
2197 4225 2742 4342 pomngorgmffi

1692 4307 1716 4339 a
1750 4306 1792 4340 ri
2043 4306 2168 4342 rava
2218 4307 2251 4341 n

1690 4354 1965 4473 {aggeus
1983 4306 2096 4410 gae
2119 4359 2162 4409 F
2183 4306 2356 4424 283513
2392 4356 2559 4423 eupit
2578 4353 2737 4405 adsint

1853 4457 1872 4486 ‚
1893 4427 1926 4473 ⁸
2105 4440 2110 4445 .
2153 4432 2170 4445 ι
