2984 4892
930 381 1195 433 numm
1243 378 1564 434 MBMoRA
1576 381 1644 432 m
1657 383 1869 435 mun.

293 594 333 647 ὃ
362 528 430 645 g
446 527 656 580 Baebius
667 544 698 579 a
713 528 750 582 J
755 527 979 594 ugurtha
1013 529 1362 595 corrumpitur

370 660 429 710 C.
454 659 726 710 Cornelius
748 660 846 726 Eq.
886 660 1034 710 Rom.
1059 660 1360 724 conjuratus

290 723 425 840 §8¹⁷
465 726 742 791 pollicetur
756 726 1063 777 Ciceronem
1077 724 1361 776 confodere

371 855 433 907 C.
455 856 617 907 Cotta
642 856 856 907 vovitse
912 856 1060 908 atriae
1095 856 1136 905 F
1157 859 1273 919 824,
1297 860 1357 905 15

295 921 422 1036 ejig
443 923 759 1037 ‘gmugffm'
778 872 949 1039 ³5³qu
970 990 1033 1036 81

418 1022 433 1035 .
512 1001 597 1037 rac
669 1002 681 1035 ι
706 1002 783 1037 cae
824 1002 880 1037 es

372 1052 432 1102 C.
462 1052 633 1103 Julius
673 1052 728 1102 in
768 1051 1012 1118 Apulirun
1048 1067 1082 1103 a
1134 1053 1362 1105 Catilina

299 1115 537 1167 mittitur
570 1118 615 1168 C
636 1122 700 1167 27

372 1180 435 1230 C.
460 1182 657 1232 Mariua
672 1181 916 1249 Aquilam
938 1182 1076 1234 bello
1094 1182 1361 1235 cimbrico

300 1245 493 1298 habuit
518 1247 570 1296 C
592 1252 659 1297 59

374 1311 437 1362 C.
479 1313 758 1364 Memmius
805 1312 1044 1363 tribunus
1069 1315 1146 1377 pl.
1190 1314 1357 1391 desig-

292 1384 462 1427 natur
491 1378 528 1429 J
551 1382 615 1428 27
682 1378 792 1443 ejus
811 1377 1052 1429 facundia
1064 1383 1128 1429 80
1194 1387 1362 1429 oratio

303 1440 377 1491 ad
404 1443 664 1507 populum,
693 1444 896 1509 rogatio
926 1448 987 1493 81
1055 1444 1364 1509 Jugurtham

296 1514 627 1573 praesentem
651 1509 716 1559 ad
740 1509 985 1574 populum
1009 1516 1224 1559 accusat
1244 1514 1308 1560 88

376 1573 439 1624 C.
496 1575 720 1623 Murena
783 1574 834 1622 in
889 1574 1133 1624 citeriore
1188 1573 1367 1624 Gallia

302 1636 488 1704 plures
519 1639 819 1703 conjuratos
849 1639 904 1688 in
928 1639 1133 1689 vincula
1153 1640 1369 1704 conjicit

294 1702 357 1754 C
370 1706 436 1752 42
454 1702 557 1752 fine

379 1768 688 1844 Calpurnius
733 1771 911 1820 consul
951 1771 1145 1819 acriter
1188 1769 1367 1820 Numi-

303 1832 449 1884 diam
473 1835 672 1884 invadit
704 1832 738 1886 J
762 1839 826 1884 28
891 1849 924 1884 a
958 1834 1219 1900 Jugurtha
1254 1849 1367 1886 cor-

302 1899 591 1963 rumpitur,
618 1899 746 1949 ibid.
771 1906 827 1950 et
847 1903 913 1950 29

380 1964 690 2029 Capitolium
715 1964 982 2014 incensum
1018 1963 1202 2030 viginti
1223 1965 1367 2014 annis

307 2034 437 2081 ante
460 2030 868 2095 conjurationem
892 2030 1134 2082 caulium
1173 2031 1217 2080 C
1238 2034 1303 2080 47

382 2095 457 2172 Ca
497 2111 577 2159 sa,
611 2095 675 2144 ab
716 2095 946 2145 Hercule
984 2095 1200 2146 condita
1244 2095 1281 2147 J
1304 2098 1369 2144 89

308 2161 1371 2303 §wa-135{33¹2.¹¹÷¹12¹..⁸.¹3;2¹¹23232322

310 2290 546 2354 collatio,
568 2290 699 2340 ibid.
767 2290 972 2354 capitur
1004 2304 1036 2339 a
1069 2290 1288 2340 Metello
1306 2294 1371 2340 89

311 2354 386 2405 ab
424 2355 607 2405 codem
631 2362 979 2420 expugnatur,
1018 2361 1173 2421 atque
1198 2355 1372 2406 incen-

308 2419 462 2470 ditur
482 2425 543 2471 91

382 2487 569 2550 Capua
591 2486 926 2550 municipium
952 2486 995 2536 C
1014 2488 1080 2535 80
1116 2484 1221 2535 line

382 2550 645 2617 Carthago
668 2552 851 2600 aemula
881 2551 1082 2615 imperii
1106 2550 1324 2600 Romani
1344 2567 1374 2601 a

300 2616 483 2680 ‘stirpe
502 2616 702 2665 interiit
752 2616 795 2666 C
816 2621 876 2665 10
943 2615 1057 2679 ejus
1092 2615 1201 2664 laus
1250 2616 1285 2667 J
1309 2620 1371 2666 81

310 2682 493 2731 deleta
531 2680 834 2731 discordiam
869 2680 1053 2731 Romae
1081 2682 1292 2745 peperit
1339 2682 1375 2733 J

310 2751 381 2797 41
450 2746 710 2811 plcraeque
734 2743 934 2796 Africae
967 2745 1307 2810 imperitabat
1339 2746 1375 2798 J

386 2875 596 2926 Cassius
626 2877 889 2939 Longinus
910 2875 1214 2924 con’uratns
1247 2876 1291 2926 C
1315 2879 1377 2925 17

387 2942 449 2991 L.
488 2942 696 2990 Cassius
737 2948 932 3004 praetor
963 2954 996 2990 a
1063 2940 1377 3004 Jugurtham

314 3006 550 3057 mittitur
582 3006 617 3057 J
644 3011 708 3055 82

388 3071 758 3121 Catabathmus
790 3071 823 3122 J
847 3075 909 3121 17
932 3075 989 3120 et
1007 3074 1071 3120 19

384 3136 611 3187 Catilina
646 3136 969 3200 Reipublicae
1005 3134 1281 3186 insidiatur
1336 3135 1379 3186 C

312 3208 374 3278 ’5.
418 3202 530 3266 ejus
576 3216 765 3279 mores,
819 3208 875 3250 et
929 3200 1379 3278 ingeniumkibid.

318 3265 1384 3396 &taxa.33..m¹32{';¹,5;:‘.13¹1‘?'‘s-²33

319 3412 459 3448 uxor
475 3395 694 3446 Aurelia
723 3396 993 3459 Orestilla,
1024 3395 1153 3446 ibid.
1220 3394 1383 3445 filium

315 3462 556 3525 necavit,
578 3461 706 3511 ibid.
743 3462 855 3525 ejus
875 3461 1250 3511 conscientiam
1275 3462 1386 3511 vul-

323 3534 414 3577 tus
437 3527 625 3590 arguit,
656 3526 782 3576 ibid.
838 3525 1242 3591 repetundarum
1265 3540 1384 3575 rens

322 3591 616 3658 prohibitus
633 3598 813 3655 petere
832 3592 1158 3641 consulatum
1175 3595 1238 3641 18
1272 3591 1386 3657 ejus

326 3659 500 3707 oratio
535 3657 601 3706 ad
642 3658 875 3706 conscios
912 3656 1289 3722 conjurationis
1322 3661 1387 3706 20

325 3721 570 3772 Ciceroni
611 3721 822 3770 insidias
860 3723 1187 3772 machinatur
1230 3726 1293 3771 27
1334 3728 1389 3771 et

320 3790 395 3836 28
494 3788 817 3835 consulatum
880 3788 1017 3851 petit
1080 3790 1145 3836 26
1244 3786 1388 3850 Lege

325 3850 546 3901 Plautia
566 3853 911 3916 interrogatus
944 3853 1011 3901 ab
1034 3852 1092 3902 L.
1117 3852 1302 3901 Paullo
1322 3855 1384 3901 81

327 3915 1391 4045 ἓὲἔωῖθῗιξῶῗῗῗ,,ἓῖξέἓῖἷῖἒέὲὲῗᾶ

330 4047 1005 4161 ἶιῗῗῖἷὲὲῖῒωῖἑᾛὲἰί.
1023 4046 1392 4176 ’ἓὶἶὶῑίῗῶιὲῗ

327 4179 399 4226 82
481 4176 596 4240 ejus
622 4176 791 4226 literae
826 4176 893 4225 ad
927 4178 995 4229 Q.
1034 4177 1275 4227 Catulum
1326 4181 1388 4227 85

332 4239 403 4317 ad
428 4241 495 4293 Q.
521 4240 778 4291 Marcium
810 4246 875 4291 88
941 4242 1107 4292 hostis
1143 4258 1172 4291 a
1195 4243 1391 4293 Senatu

318 4304 596 4371 Judieatur
638 4309 705 4356 86
767 4306 885 4370 ejus
922 4307 1187 4358 exercitus
1234 4310 1301 4357 52
1338 4312 1396 4358 et

2424 370 2503 441 ἢ,

1431 536 1499 580 56
1564 529 1814 597 sugamia
1827 529 2053 583 Galliam
2074 537 2224 598 parat
2255 533 2319 584 57
2383 546 2499 587 'ser-

1435 596 1560 646 vitia
1573 598 1817 661 repudiat
1848 602 1912 646 56
1958 597 2156 649 duobus
2173 599 2493 652 exercitibus

1434 662 1697 712 clauditur
1736 667 1799 712 57
1839 669 1893 712 et
1931 668 1995 712 58
2062 664 2176 727 ejus
2221 665 2383 715 verba
2424 666 2494 717 ad

1433 726 1626 777 milites
1676 731 1742 776 58
1807 727 1921 791 ejus
1962 729 2202 779 interitus
2251 733 2316 778 60
2385 729 2494 782 for-

1435 794 1566 843 titer
1588 807 1654 857 pu
1731 805 1822 842 ans
1844 792 2118 857 occiditur,
2153 793 2279 844 ibid.

1502 857 1667 907 Caton
1690 872 1713 906 s
1751 858 1814 908 de
1837 858 2125 923 conjuratis
2158 859 2327 908 oratio
2363 860 2407 910 C
2429 862 2495 912 52

1436 922 1668 986 ejusdem
1708 923 1988 987 sententia,
2009 923 2134 974 ibid.
2203 931 2391 974 natura
2411 924 2416 931 '
2435 942 2498 976 ac

1436 1002 1607 1037 mores
1640 991 1704 1037 58
1771 1002 1902 1052 esse,
1942 994 2096 1054 quam
2131 988 2296 1039 videri
2335 989 2496 1041 bonus

1434 1053 1666 1103 malebat
1698 1055 1762 1103 54

1503 1117 1719 1168 Catulus
1760 1133 1791 1167 a
1833 1118 2057 1169 Catilina
2091 1118 2266 1170 literas
2302 1120 2501 1185 accipit

1438 1182 1483 1232 C
1506 1187 1568 1232 85
1637 1184 1752 1248 ejus
1777 1189 1833 1233 et
1855 1184 2076 1234 Caesaris
2113 1185 2398 1235 inimicitias
2432 1186 2500 1237 49

1436 1247 1582 1313 Sylla
1603 1248 1790 1298 saevior
1808 1248 1850 1297 F
1874 1252 1990 1309 802,
2012 1254 2044 1299 7
2079 1312 2082 1317 ι

1513 1313 1777 1378 Cethegus
1823 1328 1852 1362 e
1900 1315 2190 1378 conjuratis
2257 1315 2498 1366 Catilinae

1441 1382 1505 1427 17
1556 1376 1984 1444 captus,familiae
2024 1388 2180 1445 atque
2199 1380 2502 1431 libertorum

1440 1444 1689 1507 implorat
1711 1458 1863 1509 opem
1898 1449 1963 1493 46
2034 1446 2222 1504 audax,
2243 1445 2369 1496 ibid.

1508 1508 1695 1559 Cicero
1740 1509 1932 1558 Consul
1975 1507 2037 1559 fit
2096 1510 2140 1559 C
2182 1515 2245 1559 28
2345 1512 2500 1560 homo

1442 1588 1627 1633 novus,
1669 1571 1796 1629 ibid.
1864 1573 2139 1639 inquilinus
2186 1576 2316 1625 civis
2361 1576 2501 1626 urbis

1443 1640 1624 1689 Romae
1657 1643 1720 1688 81
1789 1639 1905 1688 urbi
1928 1639 2173 1703 praesidio
2193 1655 2302 1689 esse
2325 1641 2501 1704 jussus

1443 1706 1510 1753 86
1575 1703 1883 1768 Allobroges
1941 1704 2190 1766 instituit,
2231 1713 2291 1755 nt
2336 1706 2507 1770 jusju-

1443 1768 1663 1819 randum
1685 1769 2013 1832 obsignatum
2046 1769 2111 1818 ad
2151 1770 2292 1819 cives
2329 1770 2504 1834 perfe-

1445 1834 1659 1884 rendum
1718 1835 1934 1898 exigant
1989 1839 2052 1885 44
2151 1836 2396 1885 Senatum
2449 1836 2505 1886 in

1443 1899 1611 1949 adem
1653 1899 1956 1950 Concordiae
1980 1908 2234 1951 convocat
2278 1904 2343 1950 46
2383 1899 2507 1952 fine.

1444 1964 1511 2014 de
1557 1980 1620 2015 ca
1661 1965 1726 2014 tis
1769 1965 1822 2013 in
1867 1972 2028 2030 ponte
2074 1965 2255 2015 Milvio
2300 1966 2507 2030 dubius,

1442 2028 1572 2080 ibid.
1653 2044 1684 2080 e
1717 2030 1997 2095 conjuratis
2033 2030 2088 2079 in
2115 2030 2312 2081 Senatu
2335 2030 2503 2082 refert

1513 2159 1828 2209 Cimbricum
1884 2159 2079 2210 bellum
2141 2159 2190 2209 C
2235 2165 2299 2210 59
2402 2161 2509 2226 ejus

1448 2224 1629 2291 praeda
1663 2226 1705 2273 F
1725 2229 1843 2289 277,
1864 2230 1897 2274 6

1513 2290 1577 2340 1..
1603 2289 1811 2340 Cincius
1834 2290 1943 2339 sive
1978 2289 2204 2340 Sicinius
2245 2289 2310 2338 de
2346 2290 2510 2339 tribu-

1444 2355 1583 2406 nicia
1611 2360 1877 2418 potestate
1909 2355 2050 2420 loqui
2079 2369 2231 2404 ausus
2266 2355 2309 2404 F
2337 2358 2452 2417 802,
2475 2359 2507 2405 2

1516 2421 1699 2471 Cinnae
1734 2420 1788 2468 in
1810 2420 2005 2470 Urbem
2032 2420 2205 2470 reditu
2229 2434 2406 2470 omnes
2430 2420 2508 2470 in-

1448 2487 1708 2536 terierunt
1731 2484 1939 2534 ordines
1973 2485 2016 2534 F
2039 2489 2155 2548 285,
2176 2488 2210 2533 2

1516 2552 1663 2601 Cirta
1685 2564 1823 2615 oppu
1900 2557 2020 2600 atur
2040 2564 2072 2598 a
2090 2550 2350 2613 Jugurtha
2381 2550 2418 2602 J
2440 2555 2502 2600 21

1450 2615 1727 2680 Jugnrthae
1745 2622 1826 2665 tra
1866 2615 1941 2664 ita
1974 2618 2040 2663 26

1519 2681 1698 2730 Civem
1723 2679 2016 2729 Romanum
2042 2678 2341 2729 verberibus
2372 2679 2508 2730 caedi

1450 2743 1595 2794 nefus
1629 2745 1672 2794 C
1694 2748 1754 2793 51

1519 2809 1698 2860 Civilis
1722 2809 1848 2859 belli
1882 2822 2039 2858 causa
2070 2808 2105 2859 J
2128 2810 2160 2857 4

1518 2875 1618 2926 Cn.
1649 2874 1775 2924 Piso
1806 2873 2059 2924 factiosus
2102 2873 2146 2924 C
2172 2877 2233 2923 18

1452 2941 1660 3005 panium
1685 2938 1977 2989 citeriorem
2003 2938 2185 2987 missus
2218 2941 2281 2987 19

1451 3004 1788 3120 wCoeparius
1827 3003 2134 3068 conjuratus
2170 3001 2412 3053 Catilinae
2467 3001 2513 3053 C

1523 3133 1810 3185 comedere
1844 3133 1924 3184 bis
1969 3132 2080 3198 die,
2120 3130 2253 3184 vitio
2290 3130 2442 3183 datur
2471 3131 2514 3182 Γ

1454 3205 1574 3261 uo,
1595 3204 1662 3249 ao

1523 3264 1747 3315 Comitia
1779 3264 1822 3315 C
1843 3268 1908 3314 24

1525 3328 1830 3381 Concordiae
1852 3329 1995 3380 aedes
2029 3329 2072 3380 C
2092 3332 2160 3380 46

1526 3394 1819 3446 Concordia
1855 3409 2035 3460 parvm
2066 3409 2149 3444 res
2182 3400 2429 3446 crescunt
2477 3392 2514 3446 J

2299 2872 2352 2921 in
2391 2872 2514 2923 Hin-

1527 3526 1833 3576 Con'uratio
1849 3525 2092 3576 Catilinae
2112 3539 2175 3574 ex
2197 3524 2378 3591 quibus
2397 3536 2517 3572 con·

1458 3588 1586 3639 flata
1685 3593 1743 3639 14
1762 3597 1818 3640 et
1836 3595 1896 3640 15
1964 3591 2130 3655 prima
2150 3594 2212 3640 18
2278 3586 2520 3650 secunda,

1463 3655 1592 3704 ibid.
1659 3656 1773 3719 ejus
1799 3657 2005 3720 pignus,
2042 3655 2252 3717 sanguis
2271 3656 2518 3701 humanus

1461 3721 1677 3770 haustus
1708 3725 1773 3770 22
1839 3721 1954 3784 ejus
1993 3735 2168 3771 cansa.
2193 3734 2261 3765 ms
2297 3719 2520 3766 alienum

1463 3788 1528 3835 88
1596 3784 1864 3862 patefacta
1891 3788 1952 3835 41
1974 3791 2028 3835 et
2045 3789 2109 3834 50
2176 3783 2357 3846 viginti
2374 3780 2521 3832 annis

1464 3857 1584 3918 post
1605 3864 1872 3900 incensum
1892 3849 2202 3914 Capitolium
2237 3854 2298 3896 47

1531 3915 1931 3981 Conjuratorum
2000 3917 2270 3977 catal‹.gus
2345 3912 2388 3961 C
2459 3913 2519 3960 17

1464 3995 1642 4031 eorum
1700 3988 1895 4045 partes,
1965 3987 2020 4028 et
2075 3994 2218 4027 suum
2274 3990 2523 4041 cujusque

1464 4060 1649 4096 munus
1678 4050 1745 4095 42
1767 4056 1823 4096 et
1842 4050 1907 4096 48
1973 4043 2324 4108 conjiciuntur
2341 4056 2391 4090 in
2410 4055 2523 4090 car·

1465 4125 1641 4162 cerem
1673 4116 1738 4161 47
1805 4112 1857 4160 in
1880 4125 2086 4160 carcerc
2113 4115 2362 4157 necantur
2398 4112 2458 4155 55

1532 4175 1865 4227 Conscientia
1878 4177 2031 4235 mala,
2051 4174 2206 4236 digua
2227 4174 2370 4221 timet
2405 4172 2438 4222 J
2459 4174 2524 4222 62

1531 4240 1762 4292 Consilia
1781 4239 1834 4289 in
1860 4255 1918 4291 re
1939 4239 2150 4289 militari
2185 4238 2227 4289 F
2247 4242 2363 4302 280,
2384 4240 2414 4286 8

1532 4304 1764 4358 Consilia
1798 4318 1959 4373 prava
1988 4318 2129 4369 saepe
2158 4303 2339 4369 magis,
2370 4314 2527 4370 quam
