2984 4892
484 928 1126 1051 INDEX
1214 937 2320 1087 SECUNDUS,

1307 1256 1470 1307 SIVE

366 1441 1372 1525 GRAMMATICUS
1473 1450 1632 1526 ET
1735 1452 2413 1532 CRITICUS.

280 1807 325 1883 C
369 1809 726 1878 Catilium-ium,
754 1814 789 1865 J
824 1814 1177 1878 Juguruiinum
1200 1815 1426 1884 wellam,
1482 1835 1726 1871 numerus
1762 1825 1921 1885 caput
1964 1818 2219 1884 designat.
2275 1818 2318 1869 F
2348 1817 2503 1881 Frag-

976 1920 1136 1965 menta
1157 1916 1353 1968 indicat
1374 1932 1493 1967 cum
1515 1933 1635 1984 pag.
1660 1924 1717 1968 et
1738 1919 1830 1968 lin.

793 2308 843 2359 A

280 2396 383 2513 A
434 2435 598 2486 REP.
650 2441 831 2502 procul
890 2442 1182 2494 habendam
1225 2443 1350 2495 mihi

281 2504 539 2566 reliquam
564 2506 772 2553 aetatem
797 2505 839 2554 C
861 2511 893 2556 4
959 2521 991 2556 a
1025 2509 1258 2572 partibus
1293 2509 1351 2559 ii·

280 2568 382 2618 ber
405 2566 602 2615 animus
637 2567 681 2617 C
708 2574 739 2619 4
806 2584 837 2618 a
869 2572 1083 2636 Legatis
1116 2573 1352 2624 desertus

281 2634 328 2684 C
348 2635 417 2681 46
482 2630 686 2682 diverso
722 2632 911 2685 itinere
943 2639 1105 2687 maios
1137 2653 1168 2687 a
1201 2638 1351 2688 bonis

279 2699 402 2748 loca
422 2703 562 2745 tetra
581 2697 775 2748 habere
799 2700 842 2749 C
860 2705 924 2750 52
976 2703 1112 2752 alter
1130 2716 1162 2751 a
1178 2703 1352 2753 Gallia

282 2763 467 2813 obstat
501 2762 544 2809 C
579 2766 643 2811 58
682 2778 741 2838 ,α
778 2766 882 2814 suis
921 2766 1072 2830 longe
1110 2774 1349 2832 repertus

280 2833 371 2877 est
406 2826 451 2876 C
482 2831 544 2876 61
615 2840 838 2879 animum
870 2845 901 2878 a
932 2831 1149 2882 libidine
1185 2833 1350 2883 conti-

281 2890 401 2942 nuit
421 2892 456 2943 J
481 2896 540 2941 1⁵
610 2900 702 2940 aut
734 2891 871 2943 ferro
905 2905 996 2946 aut
1018 2913 1049 2947 a
1072 2897 1250 2947 bestiis
1276 2899 1351 2947 in-

284 2957 484 3008 teriere
507 2957 540 3008 J
576 2959 637 3005 17
704 2973 735 3006 a
775 2959 910 3009 bono
941 2963 1262 3027 honestoque
1299 2963 1353 3011 in

280 3035 509 3099 pravum
531 3021 840 3098 abstractus,
869 3024 998 3076 ibid.
1066 3041 1097 3075 a
1121 3040 1244 3077 vero
1268 3027 1354 3077 bo·

280 3101 473 3203 33¹3}
496 3086 1078 3219 ¹230215b551dpffi03
1100 3106 1352 3206 {122⁰AE

281 3219 403 3279 858,
424 3220 488 3265 25
556 3218 718 3266 multa
739 3232 821 3267 me
854 3234 883 3268 a
912 3221 1055 3271 vobis
1080 3221 1352 3271 dehortan-

283 3289 376 3333 tur
411 3281 446 3334 J
481 3286 542 3331 81
613 3290 808 3332 metum
850 3298 880 3333 a
919 3285 1117 3335 scelere
1154 3301 1246 3335 suo
1287 3286 1351 3336 ad

282 3347 550 3412 ignaviam
592 3356 821 3397 vestram
865 3351 1176 3400 transtulere
1214 3351 1249 3402 J
1291 3355 1351 3402 81

284 3428 321 3463 a
361 3411 610 3461 Memmio
652 3415 855 3476 perlata
894 3414 1167 3478 rogatione
1212 3415 1247 3466 J
1290 3419 1354 3466 82

283 3476 615 3543 prohibendo
656 3491 687 3525 a
717 3478 925 3528 delictis
961 3478 997 3530 J
1038 3483 1101 3529 45
1171 3494 1292 3545 pars
1326 3495 1358 3530 a

284 3543 500 3592 sinistra
523 3548 725 3592 tentare
757 3542 790 3595 J
815 3547 879 3592 50
946 3559 978 3592 a
998 3545 1357 3609 persequendo

287 3607 560 3658 deterrere
592 3606 627 3657 J
667 3612 732 3656 50
820 3608 1097 3659 clamorem
1139 3624 1170 3658 a
1207 3616 1356 3686 tergo

286 3672 501 3737 accepit
534 3671 568 3723 J
605 3676 670 3722 58
726 3673 838 3736 jam
868 3672 992 3723 inde
1033 3688 1065 3723 a
1103 3675 1357 3738 principio

284 3738 414 3788 belli
437 3738 470 3789 J
491 3741 555 3786 77
623 3737 697 3786 ita
731 3738 795 3786 ad
819 3738 914 3786 hoc
940 3738 1112 3788 aetatis
1134 3753 1165 3787 a

288 3803 368 3853 tia
389 3801 463 3851 fui
486 3813 547 3851 ut
568 3801 603 3852 J
627 3806 689 3851 85
744 3803 912 3867 prima
933 3802 1157 3853 adolesc.
1244 3807 1361 3865 828,

287 3872 322 3917 8
391 3867 598 3917 asociis
621 3876 836 3929 cogeret
871 3867 904 3918 J
946 3872 1009 3917 95
1078 3869 1287 3931 paulum
1330 3885 1361 3917 a

288 3930 417 3996 fuga
438 3933 668 3995 aberat-1
692 3936 778 3981 101
818 3932 998 3996 Syllae,
1015 3934 1162 3996 cujus
1184 3932 1363 3983 facun-

290 3995 391 4045 ἀίω
410 4012 441 4046 a
460 3997 658 4046 Manlio
680 4012 977 4046 concessum
1007 3997 1040 4048 J
1069 4002 1160 4047 102
1193 3998 1306 4062 jam
1330 4014 1361 4048 a

290 4062 550 4176 grincipio
588 4063 618 4111 J
658 4066 752 4111 102
832 4077 863 4111 a
904 4062 1180 4126 paludibus
1221 4064 1362 4112 invia

358 4130 476 4187 272,
496 4131 557 4173 10
597 4129 629 4174 i.
645 4142 691 4175 e.
711 4134 946 4190 propter,
962 4127 1030 4177 ob
1046 4131 1145 4177 διο.
1168 4128 1363 4191 Livius,

290 4190 363 4240 ob
386 4206 467 4240 res
491 4206 767 4254 prosperas
788 4206 967 4255 parum
990 4192 1089 4242 sibi
1111 4199 1362 4243 caventes

292 4261 351 4304 et
372 4256 516 4318 alibi,
549 4272 648 4304 nou
674 4264 780 4306 tam
809 4257 878 4305 ab
903 4258 997 4320 ira,
1030 4271 1127 4306 nec
1152 4257 1220 4306 ab
1243 4257 1363 4307 odio

292 4334 450 4385 quam
471 4329 529 4372 ut
550 4321 698 4371 miles
719 4322 961 4373 sentiret.
998 4322 1070 4372 Et
1092 4322 1233 4372 Plin.
1256 4322 1312 4388 ii,
1331 4327 1363 4373 8

1229 3742 1359 3788 ueri·
1376 3744 1391 3752 ‘

1429 2249 1661 2301 ardentis
1693 2264 1725 2299 a
1757 2249 1879 2298 solis
1921 2247 2220 2298 vicinitate:
2256 2252 2311 2296 et
2331 2245 2504 2296 Livius

1429 2315 1619 2366 iterum
1638 2332 1651 2365 :
1688 2314 1888 2364 avidior
1907 2319 2021 2364 erat
2044 2311 2343 2363 certaminis
2361 2326 2392 2361 a
2410 2324 2504 2385 spe

1432 2395 1589 2445 quam
1612 2394 1882 2429 successus
1921 2392 2091 2428 rerum
2133 2375 2374 2440 augebat.
2411 2389 2506 2435 sic,

1433 2459 1465 2494 a
1489 2446 1599 2495 sole
1620 2445 1764 2495 dolet
1802 2444 1940 2503 Plin.
1969 2443 2112 2505 xxiV,
2149 2448 2179 2491 5
2247 2440 2506 2505 Repulsus

1433 2524 1465 2559 a
1489 2510 1654 2560 Lethe
1678 2509 1871 2574 oppido
1909 2509 1950 2558 1⁴·
1972 2512 2089 2569 288,
2112 2510 2175 2555 28
2244 2521 2276 2555 a
2316 2504 2507 2555 ceteris

1435 2575 1819 2639 digredientem
1864 2574 1906 2622 F
1945 2577 2062 2634 291,
2107 2574 2174 2620 28
2258 2569 2439 2634 procul
2479 2582 2511 2616 a

1434 2639 1674 2689 Gadibus
1718 2638 1845 2688 sitas
1889 2641 2006 2699 821,
2050 2640 2079 2685 8
2163 2635 2442 2684 clamorem
2480 2647 2511 2681 a

1436 2711 1586 2767 tergo
1609 2704 1816 2766 accepit
1838 2701 1872 2752 J
1895 2707 1958 2751 58
2027 2716 2059 2749 a
2097 2706 2250 2763 tergo
2279 2699 2509 2748 incurre-

1435 2777 1556 2817 runt
1591 2773 1707 2826 825,
1740 2771 1770 2815 7
1855 2782 1887 2815 a
1925 2765 2178 2814 Graccho·
2208 2771 2337 2813 ortae
2378 2760 2514 2811 sedi-

1437 2834 1609 2883 tiones
1632 2837 1746 2894 820,
1771 2834 1834 2880 10
1887 2830 2086 2880 dictum
2112 2843 2142 2877 a
2161 2828 2512 2892 gubernatore

1435 2898 1545 2948 illic
1583 2898 1790 2961 sepulto
1831 2898 1945 2956 888,
1982 2899 2043 2944 14
2108 2893 2319 2957 aTroja
2340 2892 2512 2955 Capys

1437 2962 1775 3026 Campaniam
1823 2959 1994 3009 tenuit
2056 2961 2174 3021 884,
2215 2962 2246 3006 2
2334 2971 2510 3021 quern·

1436 3042 1590 3092 quam
1613 3041 1645 3076 a
1666 3025 1843 3075 multis
1877 3023 2215 3073 metuendum
2238 3026 2357 3086 842,
2378 3026 2409 3072 4
2476 3035 2510 3071 a

1439 3100 1523 3143 tur
1563 3090 1765 3140 itudine
1791 3093 1943 3139 vacat
1965 3091 2081 3150 808,
2106 3092 2168 3137 17

1556 3155 1611 3218 b,
1654 3171 1709 3205 se
1751 3161 1906 3204 uente
1963 3152 2220 3213 Consona,
2266 3157 2327 3201 ut
2369 3150 2511 3215 apud

1439 3220 1688 3271 Plautum
1759 3219 1867 3284 pid.
1891 3218 1926 3280 i,
1964 3222 2012 3280 1,
2053 3222 2136 3282 51,
2173 3221 2272 3267 &c.
2308 3216 2351 3266 C
2375 3222 2438 3267 44
2474 3216 2510 3267 J

1439 3291 1502 3334 65
1535 3284 1570 3337 J
1593 3289 1658 3334 78
1722 3284 1829 3333 vid.
1877 3283 2061 3332 Heius.
2100 3281 2164 3332 ad
2208 3281 2367 3331 Ovid.
2407 3282 2511 3345 Ep.

1440 3365 1507 3399 ex
1552 3350 1725 3400 Ponto
1769 3349 1857 3398 lib.
1901 3349 1938 3410 i,
1984 3352 2048 3397 50
2130 3347 2196 3397 ad
2243 3354 2513 3410 optumum

1442 3428 1697 3480 quemque
1719 3427 1752 3462 a
1772 3414 1945 3463 minus
1969 3412 2105 3463 bono
2138 3410 2451 3462 transfertur
2472 3411 2516 3462 C

1439 3484 1473 3529 2
1540 3495 1659 3530 cum
1683 3479 1748 3528 ab
1775 3479 2088 3543 reliquorum
2113 3477 2262 3527 malis
2286 3476 2515 3526 moribus

1441 3544 1766 3595 dissentirem
1810 3543 1854 3593 C
1898 3547 1928 3592 8
2007 3543 2051 3593 C
2091 3548 2121 3591 5
2197 3541 2262 3590 ab
2302 3542 2515 3617 incepto

1443 3610 1677 3659 traheret
1718 3609 1762 3659 C
1807 3612 1838 3656 7
1930 3607 1997 3657 ab
2041 3604 2285 3656 incendio
2329 3604 2517 3669 vigiliis

1443 3675 1694 3726 munitam
1719 3675 1762 3724 C
1785 3677 1850 3723 82
1918 3672 2100 3721 literas
2135 3670 2200 3719 ab
2241 3670 2318 3719 his
2361 3670 2516 3733 louge

1443 3739 1670 3789 diversas
1711 3738 1754 3787 C
1793 3742 1855 3787 85
1925 3737 1991 3785 ab
2015 3736 2226 3785 incenso
2251 3734 2515 3797 Capitolio

1443 3808 1508 3853 20
1531 3818 1722 3854 annum
1745 3802 1790 3852 C
1810 3806 1876 3852 47
1942 3799 2009 3849 ab
2031 3799 2149 3849 odio
2175 3812 2363 3847 vacuos
2386 3799 2429 3849 C
2447 3802 2511 3847 51

1440 3868 1475 3921 J
1501 3873 1565 3918 04
1633 3879 1824 3918 cavere
1845 3865 1911 3915 ab
1934 3865 2037 3914 iliis
2077 3864 2120 3913 C
2151 3869 2214 3912 52
2282 3877 2410 3912 unus
2449 3861 2516 3912 ab

1442 3933 1605 3995 urbe3
1646 3934 1779 3983 aiter
1820 3946 1852 3979 a
1891 3929 2060 3980 Gallia
2103 3928 2296 3987 obstat,
2339 3934 2411 3990 et,
2447 3926 2516 3976 ab

1443 3998 1680 4048 hostibus
1723 4011 1865 4046 arma
1909 4002 2144 4043 avertere
2192 3993 2234 4041 C
2279 3985 2357 4040 56
2445 3992 2516 4041 ab

1444 4062 1631 4112 dextra
1656 4076 1782 4125 rupe
1805 4062 1847 4110 C
1865 4064 1930 4109 59
1980 4060 2047 4108 ab
2065 4059 2143 4107 his
2167 4054 2516 4107 Centuriones

1444 4128 1608 4178 lectos
1647 4128 1689 4177 C
1718 4131 1783 4175 59
1847 4125 1879 4173 i.
1906 4139 1953 4173 e.
1993 4129 2110 4188 post
2148 4123 2242 4171 hos
2279 4121 2416 4169 Piin.
2461 4120 2519 4182 ii,

1448 4196 1526 4254 16,
1552 4197 1614 4242 10
1669 4193 1735 4241 ab
1760 4190 1836 4239 bis
1858 4190 2085 4254 (Venere
2104 4194 2160 4236 et
2181 4186 2350 4245 Luna)
2375 4185 2518 4234 Mer-

1445 4258 1574 4307 curii
1611 4256 1764 4308 steila
1802 4253 1838 4305 J
1879 4258 1944 4302 08
2026 4252 2197 4317 primo
2236 4258 2520 4308 conventu,

1445 4337 1599 4388 quem
1624 4320 1693 4372 ab
1715 4319 1928 4385 Regalis
1946 4316 2143 4369 factum
2159 4316 2195 4370 J
2218 4319 2280 4367 12
2332 4314 2519 4380 utique
