2984 4892
1176 445 1267 492 ΒΤ
1309 446 1687 495 (nuvious.

330 586 628 640 omittamJ
655 591 715 637 10
780 588 1025 641 omittunt
1058 591 1102 641 C
1134 595 1199 641 60
1249 594 1395 643 omit·

332 652 544 702 tendum
576 668 767 702 rnorem
803 656 937 704 hunc
978 672 1127 733 quern
1166 658 1318 714 agitis
1353 659 1393 706 F

329 720 449 776 804,
473 723 503 765 6
540 725 594 766 et
614 719 650 768 J
672 723 762 768 102
796 720 828 770 J
847 725 908 770 98
961 723 1080 784 pria,
1100 722 1283 785 gladiis
1316 739 1394 772 res

329 784 530 845 geritur
554 784 595 832 C
618 788 682 832 60

399 847 570 896 Omne
595 848 780 897 beilum
804 851 930 899 sumi
956 849 1127 913 facilc,
1162 860 1393 902 ceterum

326 913 598 974 agen-rime
623 914 859 964 des-inere
882 916 914 966 J
939 921 1001 964 88
1039 918 1078 965 F
1100 922 1217 978 299,
1243 923 1268 967 1
1308 934 1394 982 pe-

327 991 423 1026 cus
444 975 704 1042 equitibus
729 981 984 1043 agendum
1007 983 1247 1031 attribuit
1270 984 1303 1034 J
1328 989 1393 1033 90

325 1056 426 1105 per
446 1056 595 1091 omne
617 1050 817 1107 tempus
846 1045 964 1095 belii
989 1047 1029 1094 F
1051 1051 1247 1107 8-11,18
1283 1064 1391 1098 rem

325 1107 409 1156 nti
431 1116 794 1173 cognoverant,
815 1111 1056 1173 aperiunt
1082 1115 1124 1162 C
1147 1117 1211 1162 89
1245 1129 1393 1163 exer-

324 1171 489 1222 citum
515 1174 557 1223 C
578 1177 639 1222 61
688 1172 923 1224 Africam
946 1176 979 1227 J
1005 1181 1065 1225 18
1105 1177 1389 1242 equitatum

321 1236 361 1289 J
384 1240 450 1286 49
505 1245 561 1287 et
584 1237 732 1302 alibi)
755 1248 907 1289 natus
925 1249 981 1291 et
997 1256 1197 1291 omnen·
1222 1246 1390 1307 pneri-

322 1300 452 1352 tiam
531 1303 662 1366 rpini
685 1305 820 1354 altus
842 1305 875 1356 J
897 1311 960 1355 68
996 1314 1204 1357 aetatem
1224 1308 1278 1357 in
1300 1325 1391 1373 op·

323 1364 468 1416 timis
492 1367 691 1418 artibus
713 1367 795 1432 egi
837 1371 870 1422 J
890 1375 952 1420 85
1010 1373 1329 1435 provinciam
1350 1376 1392 1424 F

320 1434 442 1493 294,
458 1436 538 1481 12.
573 1449 655 1483 res
677 1442 807 1485 tutae
831 1437 1230 1502 tranquiilaeqne
1254 1440 1297 1489 C
1327 1445 1391 1490 16

323 1510 505 1546 omnes
518 1499 632 1562 jam
652 1507 805 1550 antea
819 1500 1010 1550 diversi
1029 1501 1242 1553 audistis
1262 1505 1305 1554 C
1326 1510 1391 1556 20

319 1562 510 1624 spesin
533 1571 724 1613 memet
747 1566 858 1614 sitae
881 1567 915 1617 J
931 1571 992 1615 86
1009 1573 1066 1617 et
1087 1568 1120 1619 J
1142 1572 1199 1618 1⁴
1233 1575 1388 1634 tuque

319 1635 380 1675 et
397 1641 573 1677 omnes
590 1629 661 1677 tui
686 1630 724 1678 F
741 1633 859 1692 848,
873 1635 934 1680 18
964 1631 1122 1682 bonos
1142 1633 1183 1682 F
1196 1636 1311 1692 868,
1324 1640 1388 1685 28

317 1690 375 1740 in
397 1693 534 1741 omui
558 1707 615 1742 re
638 1693 934 1746 dominatur
956 1695 1167 1747 fortuna
1190 1698 1233 1748 C
1255 1703 1288 1748 8
1322 1715 1387 1749 ex

319 1756 460 1806 omni
481 1758 634 1821 copia
656 1758 785 1809 duas
821 1760 1050 1824 legiones
1084 1761 1310 1813 instituit
1345 1766 1388 1816 C

317 1825 390 1870 66
444 1822 725 1873 certamine
756 1824 791 1876 J
839 1830 899 1875 10
955 1826 1217 1878 Numidioe
1248 1829 1281 1880 J
1325 1833 1386 1879 18

319 1900 535 1950 prorsus
579 1889 809 1939 intentus
852 1893 990 1940 omni
1033 1892 1184 1942 modo
1221 1893 1387 1956 plebis

318 1952 543 2002 animum
568 1953 894 2006 accendebat
924 1956 959 2008 J
995 1959 1059 2005 80
1115 1958 1387 2009 nobilitate

319 2017 560 2079 perculsa
596 2019 631 2069 J
670 2023 734 2068 82
788 2020 1012 2084 strepitu
1048 2036 1328 2086 pavescere
1350 2025 1385 2077 J

318 2084 386 2130 72
441 2097 662 2146 corpore
704 2085 745 2133 F
777 2088 892 2148 299,
925 2089 989 2135 28
1056 2087 1129 2136 cis
1163 2089 1386 2139 Taurum

318 2161 450 2212 agro
473 2148 722 2212 spoliatus
747 2156 827 2199 est
853 2151 890 2198 1³
914 2154 1030 2212 818,
1063 2155 1094 2199 7
1149 2152 1242 2217 sic,
1275 2161 1387 2203 tota

315 2221 494 2261 mente
518 2220 677 2278 atque
708 2215 847 2264 muni
880 2216 1050 2266 animo
1083 2216 1273 2268 intueri
1296 2219 1386 2268 ali-

316 2291 472 2341 quem
508 2277 618 2328 Cic.
662 2277 716 2328 ii.
739 2278 806 2328 de
866 2280 1017 2331 Orat.
1047 2280 1219 2332 ferrea
1246 2285 1384 2333 omni

317 2341 495 2404 specie
534 2343 576 2392 F
615 2347 729 2406 817,
767 2349 826 2393 16
884 2345 1022 2395 omni
1055 2346 1138 2396 via
1161 2349 1382 2410 grassari

315 2406 362 2456 F
385 2410 499 2470 880,
536 2412 567 2457 8
620 2408 792 2459 omnia
813 2409 1018 2460 misceri
1041 2426 1102 2461 sc
1125 2413 1315 2462 mutari
1339 2413 1383 2464 C

313 2474 349 2522 2
382 2472 584 2522 venalia
603 2473 795 2523 habere
820 2475 862 2524 C
889 2479 950 2524 10
982 2490 1134 2526 sacra
1149 2476 1385 2540 profana·

316 2551 418 2601 quc
440 2538 612 2588 omnia
650 2539 881 2602 poliuere
915 2542 960 2591 C
995 2545 1054 2591 11
1114 2549 1256 2591 terra
1275 2558 1383 2593 man

313 2601 462 2667 rique
486 2604 757 2667 exquirere
781 2605 951 2655 omnia
989 2606 1233 2656 vescendi
1264 2622 1386 2657 cau·

313 2679 374 2716 sa
412 2667 456 2716 C
496 2672 556 2718 18
604 2678 837 2718 extrema
858 2670 1087 2734 experiri
1111 2672 1243 2721 026
1294 2672 1382 2721 ho·-

316 2741 469 2782 nesta
488 2740 646 2797 atque
667 2729 932 2784 inhonesta
953 2737 997 2786 C
1019 2739 1083 2784 80
1129 2749 1321 2799 pavere
1336 2737 1381 2788 C

315 2798 382 2845 80
435 2804 494 2847 ut
530 2799 700 2847 omnia
737 2798 870 2848 bona
905 2798 956 2849 in
987 2814 1078 2864 spe
1100 2800 1381 2851 habet-etc

314 2864 382 2910 80
431 2861 500 2911 ad
534 2877 773 2913 occasum
809 2865 874 2913 ab
910 2871 1027 2915 ortu
1061 2865 1184 2915 solis
1208 2867 1384 2916 omnia

315 2925 511 2977 domita
532 2928 685 2978 armis
711 2937 955 2992 parerent
985 2929 1030 2980 C
1055 2933 1121 2980 86
1176 2931 1382 2993 provin-

313 2990 426 3040 cias
449 2992 652 3057 aliaque
675 2994 847 3043 omnia
875 3002 1056 3045 tenere
1089 2995 1133 3045 C
1167 2998 1233 3046 89
1286 2994 1382 3046 fin·

313 3070 440 3120 gere
461 3058 561 3108 slia
582 3058 754 3108 omnia
770 3058 812 3108 C
828 3063 893 3109 47
926 3059 1023 3110 sibi
1041 3074 1158 3110 cnm
1178 3060 1392 3125 collega·

313 3127 460 3172 ratus
480 3123 515 3176 J
538 3126 602 3173 48
647 3125 876 3174 secunda
896 3131 952 3174 et
975 3124 1239 3189 opulentia
1260 3133 1382 3176 sunt

310 3185 346 3237 J
374 3191 434 3237 14
488 3187 786 3250 sanguinem
820 3203 992 3239 meum
1023 3204 1173 3254 quam
1208 3190 1380 3241 omnia

312 3252 461 3302 malit
479 3253 517 3304 J
538 3257 602 3303 24
669 3254 834 3304 mutia
855 3268 937 3303 me
959 3253 1302 3305 dehortantur
1325 3256 1378 3306 ni

311 3316 540 3367 studium
583 3317 734 3394 Reip.
778 3319 950 3369 omnia
986 3325 1202 3383 superet
1239 3319 1276 3371 J
1314 3324 1376 3371 81

311 3382 520 3433 trahere
560 3396 732 3432 omma
768 3384 802 3436 J
839 3388 927 3459 86·
951 3383 1051 3433 sits
1081 3384 1134 3436 in
1170 3384 1376 3437 armis]

309 3448 576 3564 223⁸&ss
598 3449 1381 3592 qffiffuss‘tfft'zzmettffffi

310 3577 628 3628 concederet
647 3578 680 3629 J
703 3582 766 3628 61
824 3579 996 3628 omnia
1016 3578 1154 3630 bello
1176 3587 1380 3642 potiora

310 3641 505 3693 ducere
527 3643 562 3695 J
585 3646 650 3691 62
683 3641 841 3695 sessos
862 3643 1057 3693 milites
1077 3651 1134 3693 et
1156 3642 1267 3707 ,ism
1290 3644 1378 3694 ab·

307 3714 527 3762 nuentes
567 3706 741 3758 omnia
777 3708 812 3760 J
848 3711 914 3759 68
966 3708 1216 3778 teptsndo
1247 3709 1282 3761 J
1312 3713 1376 3759 78

308 3769 535 3837 deniqne
552 3773 724 3822 omnia
738 3773 890 3822 malle
909 3787 1063 3837 qum
1085 3772 1212 3823 victi
1229 3772 1377 3825 abire

307 3835 342 3889 J
366 3839 432 3888 79
481 3837 651 3888 omnia
685 3852 805 3887 cum
846 3838 1018 3902 pretio
1055 3837 1271 3888 honesta
1305 3838 1378 3889 vi·

306 3899 500 3954 dentur
519 3901 554 3953 J
579 3906 644 3954 86
692 3901 866 3954 omnia
896 3902 1184 3955 retinenda
1215 3901 1377 3953 domi-

307 3965 534 4020 nationis
553 3967 773 4022 honesta
791 3966 1094 4022 existimare
1125 3967 1166 4017 F
1186 3971 1305 4031 276,
1342 3972 1375 4019 4

307 4030 494 4094 quibus
515 4031 686 4080 omnia
706 4031 895 4095 probro
934 4047 996 4083 ac
1034 4032 1237 4084 luxuria
1269 4033 1377 4097 poi-

306 4094 419 4146 luts
440 4103 592 4146 erant
615 4096 655 4146 Β
678 4099 795 4159 841,
815 4100 849 4146 9
881 4096 959 4150 his
981 4097 1105 4152 iata
1126 4103 1183 4147 et
1200 4097 1376 4148 candi·

305 4156 384 4210 dt
411 4160 588 4210 onnia
625 4159 736 4211 visa
768 4162 812 4213 Ρ
846 4164 962 4224 842,
981 4165 1014 4210 9
1082 4162 1135 4211 in
1158 4162 1376 4213 victoria

304 4223 424 4288 lege
449 4223 570 4274 beni
591 4225 764 4275 omnia
798 4225 1063 4276 licuerunt
1092 4226 1134 4276 F
1156 4230 1254 4277 866
1312 4232 1374 4277 17

303 4286 955 4355 bonntamentspsciset
995 4290 1212 4355 premia
1252 4264 1376 4344 &etti

303 4353 350 4409 F
385 4356 501 4423 869,
539 4357 606 4414 80
651 4354 819 4410 modis
840 4356 1068 4428 qna-tui
1091 4354 1301 4412 dodim
1329 4357 1375 4413 0

2375 436 2538 502 cxxi

1475 597 1536 641 18
1594 592 1757 642 modis
1803 591 2075 655 pecuniam
2126 594 2339 645 trahunt
2358 603 2365 608 '
2383 596 2426 646 C
2470 600 2536 647 20

1472 657 1936 708 necessitudinibus
1957 660 2363 710 circumve'ntum
2395 662 2439 710 C
2471 667 2533 711 21

1472 722 1695 772 fortunis
1737 724 1940 786 expulit
1983 725 2015 775 J
2066 730 2125 773 14
2193 741 2259 774 cx
2301 726 2534 776 omnibns

1470 789 1693 837 maxime
1716 796 1856 837 tutos
1879 803 1990 838 esse
2012 790 2045 839 J
2073 794 2135 838 16
2168 805 2322 838 unum
2342 806 2407 840 ex
2429 806 2539 840 om-

1469 853 1624 902 nibus
1660 852 1947 916 profugisse
1984 855 2017 904 J
2055 859 2121 903 69
2175 856 2287 906 etJ
2318 860 2378 905 18
2432 858 2536 907 suis

1471 919 1623 968 rebus
1648 918 1972 968 commodum
2014 919 2147 983 regis
2181 919 2463 971 anteferret
2497 922 2533 974 J

1472 987 1535 1031 16
1569 983 1794 1032 moribus
1818 984 2046 1032 civitatis
2062 984 2094 1034 J
2115 989 2178 1033 ⁴2
2213 985 2277 1034 ab
2294 987 2533 1037 omnibns

1469 1048 1701 1111 partibus
1717 1049 1863 1096 simut
1888 1049 2012 1097 tecti
2036 1049 2067 1099 J
2095 1054 2157 1098 97
2197 1058 2335 1099 ratus
2352 1066 2413 1099 ex
2429 1066 2535 1101 om-

1468 1111 1617 1160 nibus
1639 1128 1786 1177 mque
1811 1113 2008 1177 aliquos
2042 1113 2107 1162 ab
2132 1122 2280 1174 tergo
2304 1116 2532 1166 hostibus

1467 1185 1712 1226 venturos
1728 1179 1761 1228 J
1782 1182 1870 1226 101
1889 1178 2073 1240 gratia,
2088 1180 2342 1241 potentia,
2355 1180 2534 1242 honos,

1468 1241 1667 1291 diviti-«e
1692 1243 1831 1306 apud
1867 1244 1979 1293 iilos
2015 1250 2136 1293 suut
2170 1245 2212 1293 C
2247 1249 2311 1293 20
2367 1259 2533 1311 neque

1467 1307 1734 1371 quisquam
1775 1308 1995 1356 omnium
2036 1307 2347 1359 discesserat
2386 1310 2430 1359 C
2469 1315 2533 1361 86

1466 1379 1523 1421 et
1547 1373 1590 1422 C
1613 1376 1673 1422 61
1712 1373 1825 1436 quis
1847 1380 1928 1422 est
1953 1374 2176 1422 omnium
2201 1374 2276 1422 his
2304 1376 2532 1425 moribus

1505 1436 1590 1485 uin
1615 1436 1901 1487 contendat
1922 1438 1957 1490 J
1980 1441 2013 1486 4
2047 1453 2196 1486 nemo
2218 1440 2443 1489 omnium
2464 1455 2532 1490 ex

1492 1516 1594 1566 nga
1616 1515 1787 1565 regem
1810 1503 2042 1566 seqnitur
2061 1503 2095 1554 J
2119 1509 2181 1552 54
2207 1513 2262 1553 et
2288 1505 2327 1553 1³
2350 1509 2465 1566 865,
2497 1512 2528 1556 6

1463 1567 2533 1698 3535qffimffiffiemaessffigffig

1465 1697 1593 1745 satis
1616 1695 1721 1746 sint
1742 1696 1774 1746 J
1802 1701 1896 1746 102
1932 1696 2150 1761 primum
2167 1697 2390 1748 omnium
2412 1700 2535 1766 quia

1531 1824 1753 1875 Omnino
1794 1840 1897 1876 nou
1935 1827 2217 1877 certavisse
2261 1827 2303 1876 F
2342 1832 2458 1888 801,
2498 1834 2526 1879 1

1463 1890 1730 1954 paravisse
1750 1891 1785 1943 J
1805 1895 1866 1939 81
1938 1906 2106 1957 neque
2126 1891 2331 1941 omnino
2355 1892 2530 1944 facere

1465 1955 1742 2020 quicquam
1765 1955 1797 2006 J
1823 1959 1889 2005 99
1942 1956 2021 2005 sin
2054 1958 2106 2006 in
2133 1964 2282 2007 tanto
2302 1957 2530 2007 omnium

1462 2026 1605 2070 metu
1630 2021 1767 2070 solus
1790 2035 1892 2070 non
1918 2021 2068 2071 timet
2092 2021 2135 2071 C
2157 2027 2223 2071 62
2268 2024 2406 2072 solus
2423 2037 2530 2072 om·

1461 2086 1607 2134 nium
1624 2093 1745 2150 post
1760 2085 2018 2135 hominum
2036 2087 2332 2136 memoriam
2354 2087 2395 2136 1³
2411 2092 2529 2150 276,

1464 2152 1526 2198 16
1582 2149 1807 2214 prudens
1850 2151 2074 2200 omnium
2137 2166 2248 2216 quae
2303 2153 2530 2203 Senatus

1460 2224 1737 2265 censuerat
1763 2215 1804 2263 F
1825 2219 1940 2275 286,
1959 2220 2022 2265 16
2099 2217 2388 2266 miserrimo
2423 2231 2533 2266 orn·

1458 2279 1601 2328 nium
1655 2286 1841 2338 morte,
1893 2278 2191 2330 confecistis
2230 2282 2273 2330 F
2309 2285 2424 2346 297,
2467 2287 2529 2332 16

1459 2343 1597 2394 solos
1617 2344 1843 2394 omnium
1865 2344 2057 2395 liberos
2081 2345 2122 2393 F
2145 2350 2260 2408 814,
2281 2349 2311 2394 8

1526 2408 1809 2460 Onerabisz
1861 2409 2086 2460 etiamne
2134 2424 2285 2461 aures
2327 2418 2529 2462 nostras

1459 2472 1580 2523 odio
1605 2480 1694 2523 tuo
1716 2488 1799 2523 on.
1824 2474 1865 2523 F
1886 2478 2001 2537 864,
2023 2480 2053 2524 6
2077 2473 2172 2537 sic,
2194 2489 2409 2526 onerare
2426 2477 2532 2526 isu-

1458 2537 1612 2589 dibus
1634 2539 1770 2588 Ptin.
1794 2539 1962 2603 Epist.
1985 2539 2054 2588 iv.
2090 2539 2206 2589 Lib.
2231 2539 2263 2589 i.
2288 2547 2362 2603 at,
2404 2542 2529 2591 Vin-

1453 2604 1661 2671 centius
1685 2603 2035 2667 Beluacensis‚
2056 2619 2172 2668 pro,
2189 2620 2291 2655 non
2313 2621 2529 2658 onerare

1458 2682 1593 2731 eum,
1635 2682 1738 2718 non
1777 2682 1997 2718 onerare
2041 2676 2279 2719 amatum.
2323 2670 2399 2719 bis
2442 2671 2528 2721 die

1458 2738 1692 2782 ventrem
1715 2734 1774 2781 'F
1795 2736 1911 2795 846,
1930 2737 1992 2782 18
2062 2733 2183 2783 vino
2205 2742 2262 2783 et
2301 2735 2466 2798 epulis
2490 2736 2525 2788 J

1455 2799 1524 2847 76
1576 2796 1894 2861 promissisJ
1926 2801 1985 2847 12
2031 2797 2227 2849 navisJ
2250 2802 2315 2847 86
2365 2811 2525 2850 onere

1453 2859 1667 2911 foenoris
1724 2876 1755 2911 o
1796 2876 1973 2925 pressa
2020 2861 2201 2924 plebes
2247 2863 2288 2911 F
2333 2867 2449 2926 278,
2492 2869 2523 2914 6

1456 2926 1612 2976 nimio
1634 2926 1763 2976 simu
1806 2933 1863 2976 et
1887 2931 2086 2975 incerto
2110 2926 2152 2975 F
2174 2931 2294 2990 288,
2331 2932 2366 2976 6
2419 2937 2528 2979 tur·

1455 2991 1588 3041 rium
1611 2991 1823 3041 incertis
1845 2991 2125 3049 navibusF
2147 2995 2263 3053 881,
2296 2995 2361 3042 26
2417 2994 2528 3043 ani-

1453 3070 1540 3105 ma
1560 3056 1706 3106 oneri
1729 3055 1830 3105 fuit
1853 3055 1896 3105 C
1920 3060 1952 3106 2
1985 3055 2181 3106 divitiae
2205 3057 2349 3105 oneri
2374 3058 2523 3108 mise·

1456 3121 1651 3185 riaeque
1688 3119 1834 3170 fuere
1872 3121 1915 3169 C
1956 3125 2016 3170 10
2066 3120 2210 3170 oneri
2233 3136 2384 3184 quam
2408 3121 2523 3178 usui

1453 3200 1570 3236 esse
1592 3186 1627 3238 J
1655 3190 1716 3235 14
1740 3193 1796 3234 et
1820 3187 1859 3234 F
1881 3189 1998 3246 298,
2029 3189 2094 3236 22

1520 3250 1640 3314 Ope
1677 3264 1877 3300 summa
1918 3250 2014 3299 niti
2058 3252 2099 3300 C
2139 3255 2163 3300 1
2233 3265 2385 3300 omne
2421 3264 2524 3315 ope

1453 3321 1616 3379 atque
1638 3329 1803 3380 opera
1816 3314 1945 3364 eniti
1967 3315 2076 3364 Cic.
2096 3314 2262 3365 Attic.
2281 3316 2387 3377 xiv,
2405 3319 2524 3368 812.

1454 3378 1841 3496 Ρῖἶὲοῖῗιὲἓιῗ
1855 3380 2074 3495 33131ῑῖ
2099 3380 2526 3508 oessibfflcfffiisse

1453 3460 1611 3560 gutur
1634 3510 1764 3575 Cap.
1787 3514 1851 3560 10
1887 3525 2013 3575 opes
2036 3511 2157 3561 belli
2183 3526 2371 3574 parare
2394 3512 2524 3575 Cap.

1456 3579 1541 3628 12.
1628 3574 1714 3624 uid
1742 3574 1931 3640 ubique
1968 3576 2083 3638 opis
2119 3583 2209 3626 aut
2243 3577 2351 3639 spei
2375 3575 2530 3626 habea

1453 3646 1575 3691 rent
1663 3644 1724 3690 21
1778 3640 2050 3689 nitebatur
2072 3654 2271 3689 summa
2289 3654 2391 3704 ope
2415 3641 2521 3702 ple-

1453 3719 1616 3770 raque
1642 3704 1886 3754 nobilitas
1910 3705 1954 3754 C
1980 3708 2045 3753 88
2098 3705 2319 3754 maxima
2352 3705 2452 3755 niti
2487 3704 2523 3757 J

1455 3773 1518 3822 14
1568 3769 1766 3820 enisum
1802 3782 2000 3818 summa
2034 3781 2099 3817 ne
2132 3767 2286 3819 fieret
2307 3769 2413 3818 tale
2434 3769 2526 3820 de-

1453 3841 1658 3886 cretum
1680 3834 1713 3886 J
1741 3839 1804 3883 26
1838 3847 1993 3897 opem
2017 3832 2114 3882 tuli
2136 3833 2170 3883 J
2198 3838 2292 3883 110

1519 3899 1700 3963 Opera
1738 3903 1879 3948 ratus
1915 3905 2006 3947 sut
2041 3896 2248 3959 ingenio
2279 3912 2372 3948 suo
2394 3911 2526 3963 opta

1451 3978 1568 4014 esse
1607 3963 1642 4015 J
1679 3967 1739 4013 71
1799 3977 1915 4011 curn
1940 3963 2101 4011 muita
2123 3976 2284 4026 opera
2305 3962 2523 4013 circnm-

1452 4029 1579 4079 data
1600 4029 1643 4078 F
1664 4031 1780 4090 287,
1805 4031 1868 4076 19
1912 4026 2138 4090 pretium
2160 4033 2245 4076 est
2267 4027 2311 4077 C
2337 4030 2398 4077 12
2434 4035 2524 4079 aut

1451 4098 1608 4157 capu
1630 4092 1759 4142 urbe
1781 4106 1881 4155 ope
1892 4106 1962 4141 rte
1988 4089 2209 4156 pretium
2232 4088 2348 4142 fore
2369 4092 2403 4143 J
2426 4096 2490 4142 81

1518 4157 1697 4222 Opere
1719 4164 2004 4233 castrorutn
2026 4155 2150 4206 fessi
2170 4156 2205 4208 J
2228 4159 2292 4205 68
2356 4156 2519 4232 nugis

1451 4219 2521 4352 iffvffii‘fflfflsta'sssstffissssssi

1448 4353 1485 4408 J
1506 4356 1573 4407 98
1621 4350 1870 4420 operibns
1890 4356 1947 4406 et
1968 4351 2085 4404 loco
2103 4349 2357 4404 nudum
2391 4348 2519 4419 (1.6.
