2984 4892
524 529 631 580 est.
710 517 875 570 Tacit.
919 513 1116 576 Histor.
1154 526 1193 566 1.
1230 517 1314 567 26.
1343 514 1362 543 ‘
1385 515 1449 565 Iu
1472 525 1595 565 con·

530 597 755 653 selentia
788 585 1035 646 facinoris
1071 593 1226 658 pauci
1264 592 1445 643 adsciti
1487 606 1596 642 sus·

530 687 717 740 pensos
737 678 1027 724 ceterorum
1049 670 1265 734 animos,
1281 668 1499 720 diversis
1521 682 1600 718 ar·

530 750 672 802 tibus
693 746 995 799 stimulant:
1048 747 1160 797 Cic.
1196 747 1248 796 iu
1287 746 1438 796 Orat.
1465 758 1506 798 ι.
1539 744 1596 795 in

532 825 691 880 Catil.
714 841 829 891 cap.
855 831 903 877 1.
936 825 953 854 ‘
977 823 1316 877 constrictam
1343 823 1454 889 jam
1491 837 1597 872 om·

529 905 670 954 nium
698 904 878 954 borum
915 901 1234 954 conscientia
1269 899 1440 952 teneri
1471 913 1595 950 con-

520 981 838 1046 jurationem
863 994 964 1030 non
987 979 1130 1029 vides
1145 978 1181 1027 Ρ
1230 977 1378 1028 Idem
1400 976 1491 1026 lib.
1516 988 1595 1027 vr.

530 1057 686 1122 epist.
730 1061 810 1108 1⁰.
852 1056 921 1106 sd
963 1056 1141 1107 Famil.
1195 1056 1211 1084 ‘
1236 1066 1495 1121 quamque
1539 1059 1594 1103 te

527 1134 865 1185 vehementer
888 1133 1241 1184 consolaretur
1273 1128 1597 1181 couscientia

528 1208 785 1260 factorum
808 1215 865 1260 et
886 1208 1212 1259 consiliorum
1232 1204 1473 1257 tuorum.'
1503 1204 1593 1255 Sic

529 1286 564 1339 J
571 1287 769 1337 ustinus
792 1287 858 1336 de
882 1286 1144 1337 Candaule
1181 1300 1221 1335 1.
1241 1290 1291 1334 7.
1323 1283 1339 1311 ⁴
1364 1284 1447 1334 bic
1467 1298 1593 1333 uxo-

531 1379 662 1428 rem,
678 1379 832 1430 quam
855 1371 1070 1430 propter
1090 1364 1272 1416 formu
1306 1363 1593 1427 pulchritu-

531 1442 703 1494 dinem
725 1441 1017 1507 deperibat,
1038 1440 1327 1507 praedicare
1356 1439 1591 1490 omnibus

529 1518 754 1581 solebat,
797 1533 901 1570 nou
949 1511 1223 1570 coutentus'
1265 1519 1594 1581 voluptatum

530 1609 739 1646 suarum
763 1595 920 1648 tacita
955 1595 1294 1657 conscientia,
1318 1594 1414 1644 nisi
1434 1594 1593 1644 etiam

529 1671 846 1722 matrimonii
867 1670 1136 1722 reticenda
1158 1670 1449 1735 publicaret
1464 1668 1498 1721 ι’
1537 1676 1594 1720 et

531 1748 567 1798 Ι.
592 1761 716 1797 vm.
741 1763 790 1798 c.
812 1753 862 1799 2.
926 1747 1110 1804 Pbaed.
1135 1747 1189 1797 in
1212 1747 1344 1811 prol.
1368 1748 1403 1797 l.
1425 1759 1514 1797 ιιι.
1589 1777 1596 1784 ·

598 1823 697 1875 Res
737 1825 841 1889 ipsu
881 1824 1068 1874 hortari
1110 1824 1320 1888 videtur]
1382 1824 1594 1874 Tacitus

533 1905 678 1956 Hist.
702 1919 777 1954 iv.
813 1905 829 1933 ‘
855 1904 960 1954 Res
982 1916 1198 1969 poscere
1221 1900 1446 1966 videtur,
1477 1901 1596 1967 quia

530 1984 720 2034 iterum
760 1982 812 2031 in
843 1982 1159 2032 mentionem
1192 1981 1466 2032 incidimus
1495 1980 1594 2029 viri

529 2059 717 2123 saepius
740 2058 1072 2122 memorandi,
1085 2064 1145 2108 ut
1164 2057 1325 2108 vitam
1347 2057 1596 2108 studium-

533 2149 635 2200 que
657 2134 772 2199 ejus
793 2133 972 2199 paucis
1008 2141 1243 2198 repetam
1265 2133 1299 2183 ς’
1350 2134 1440 2184 ubi
1459 2139 1517 2184 et
1537 2133 1594 2182 il—

530 2211 637 2261 lum
657 2211 813 2260 alium
836 2211 1006 2260 locum
1028 2210 1096 2260 de
1115 2211 1261 2274 Sylla
1275 2211 1327 2260 in
1348 2210 1596 2275 Jugurtb.

530 2292 616 2337 est
646 2286 806 2336 etiam
841 2287 1133 2350 emulatus,
1176 2287 1193 2314 ‘
1213 2286 1317 2336 Sed
1354 2286 1595 2352 quoniam

530 2377 625 2413 nos
648 2362 781 2412 tanti
805 2362 937 2423 viri,'
958 2365 1053 2412 &c-
1128 2362 1347 2413 Ciues-oa.

592 2440 695 2489 Res
737 2440 842 2503 ipsa
888 2439 1073 2489 Ιιονιιιτί
1125 2437 1336 2501 videtur]
1400 2437 1592 2489 Fabius

530 2515 914 2569 Quinctilianus
955 2521 1138 2565 auctor
1170 2523 1228 2565 et
1260 2529 1443 2565 censor
1479 2529 1593 2579 gra-

531 2593 768 2644 vissimus
788 2593 856 2644 ob
878 2593 976 2644 hoc
998 2607 1161 2656 genus
1184 2592 1511 2645 exordiorum
1534 2598 1594 2642 ut

529 2683 967 2735 supervacaneum
1011 2676 1068 2719 et
1106 2684 1286 2734 parum
1328 2669 1396 2720 ad
1436 2669 1595 2719 histo-

530 2747 658 2798 riam
686 2748 951 2812 pertinens
986 2752 1136 2796 notat
1172 2746 1490 2810 Sallustium,
1513 2745 1597 2796 cui

528 2838 633 2875 non
656 2825 845 2889 injuria
882 2824 1128 2888 majorem
1169 2822 1481 2874 curiositatis
1505 2836 1594 2872 no·

528 2908 637 2955 tam
659 2902 846 2954 inussit
877 2915 1093 2966 magnus
1115 2900 1204 2952 ille
1225 2901 1417 2964 Scalig.
1439 2899 1593 2950 Post.

526 2993 616 3033 ιιι.
639 2985 724 3032 06.
747 2981 861 3046 ejus
882 2979 1041 3030 verba
1058 2977 1357 3044 gravissima
1376 2976 1596 3026 subscri-

530 3058 682 3110 bam:
732 3058 749 3087 ‘
773 3055 1103 3119 Ambitiose‚'
1150 3056 1337 3121 inquit,
1367 3055 1383 3082 ‘
1406 3053 1594 3104 fecisse

526 3136 802 3186 Sallustius
844 3133 1149 3200 quibusdam
1188 3132 1414 3195 videtur,
1455 3129 1594 3196 quod

529 3209 811 3262 Poetarum
829 3223 993 3274 more,
1012 3224 1131 3259 cum
1150 3207 1328 3259 dicere
1349 3222 1493 3258 orsus
1518 3222 1595 3258 es-

528 3291 613 3336 set
635 3285 702 3353 de
727 3285 969 3349 Catilina,
988 3284 1177 3335 omissa
1195 3298 1260 3334 ea
1285 3283 1598 3348 narratione,

436 3415 445 3418 Α
525 3359 725 3426 repetit
744 3360 1007 3411 historiam
1029 3360 1096 3410 ab
1132 3360 1257 3425 ipsis
1279 3360 1471 3412 ultimis
1497 3363 1597 3411 Ro·

529 3452 630 3488 mae
665 3437 987 3489 rudimentis.
1067 3439 1177 3488 Nos
1211 3437 1376 3487 virum
1412 3453 1509 3488 suo
1540 3438 1596 3488 in

526 3530 719 3581 genere
743 3522 1080 3581 prestantem
1103 3522 1258 3582 atque
1277 3518 1596 3583 incompara-

528 3592 686 3646 bilem
708 3608 831 3645 cum
854 3601 1020 3657 recte,
1046 3599 1154 3644 tum
1191 3594 1481 3646 necessario
1519 3591 1596 3644 fe-

526 3669 664 3721 cisse
695 3669 1012 3735 judicamus,
1051 3675 1109 3720 ut
1148 3669 1449 3720 ostenderet
1483 3683 1597 3720 cor-

525 3754 739 3812 ruptam
760 3747 1050 3809 civitatem,
1071 3747 1222 3811 cujus
1240 3752 1296 3797 et
1316 3760 1438 3811 pars
1459 3752 1596 3797 esset

527 3821 775 3886 Catilina,
794 3835 1017 3887 nequam
1055 3822 1188 3887 ipse,
1222 3829 1278 3872 et
1309 3821 1595 3887 participes

523 3898 718 3958 habere
740 3906 919 3964 posset
937 3898 1128 3949 multos
1158 3899 1369 3950 sceleris
1405 3913 1467 3950 ac
1505 3912 1594 3949 ne-

525 3975 737 4042 quitiae:
806 3974 1015 4026 Celer-us.

595 4053 700 4110 Quo
741 4054 876 4104 modo
915 4051 1125 4117 rempub.
1166 4051 1438 4116 habuerint]
1504 4052 1593 4105 Sic

526 4129 736 4196 quidem
759 4129 976 4180 Tacitus
996 4129 1247 4180 maximus
1268 4130 1500 4181 Sallustii
1523 4145 1589 4180 αι-

527 4208 768 4272 mulator,
787 4205 1082 4256 Annal.1v.
1116 4207 1457 4271 ‘Congruens
1479 4221 1592 4258 cre-

528 4279 765 4351 diderim,
805 4297 1077 4335 recensere
1131 4290 1334 4343 ceteras
1384 4284 1589 4352 reipub.

1228 372 1446 425 ⁸0¹1·AE
1491 368 1898 424 vammum
1945 365 2027 420 116

1671 517 1866 577 partes,
1904 511 2092 577 quibus
2134 509 2301 562 modis
2337 508 2404 561 ad
2441 521 2558 562 eam
2596 506 2741 563 dieta

1669 590 1862 641 habitae
1898 588 2040 640 sint?
2102 589 2294 640 Nescio
2332 596 2504 642 tamen
2541 604 2609 639 an
2645 588 2740 642 ille

1671 666 1956 731 scripserit,
1990 670 2005 694 ‘
2029 665 2268 720 auxerint
2305 679 2469 730 remp.
2507 664 2646 716 infra
2684 679 2741 715 e·

1672 743 1776 792 nim
1823 742 2039 806 Regium
2087 740 2362 806 imperium
2408 742 2544 807 quod
2585 741 2737 793 initi·

1672 819 2038 871 conservandae
2082 818 2342 869 libertatis
2383 826 2441 868 et
2479 815 2735 882 augenda

1670 899 1802 964 reip.
1831 895 2058 948 fuerat·'
2106 902 2181 960 et,
2210 896 2351 946 Ubi
2373 894 2555 946 labore
2576 903 2738 960 atque

1658 976 1864 1041 justitia
1885 974 2094 1041 respub.
2117 973 2320 1024 erevit)
2404 974 2624 1024 Ciueoon.
2662 963 2738 1023 sic

1669 1061 1727 1106 et
1754 1050 1915 1108 Urs'iu.

1734 1133 1821 1183 132:
1852 1130 2141 1196 pulcerrima
2160 1129 2421 1195 ceminio,
2454 1128 2662 1192 pessima
2681 1143 2739 1178 as

1653 1210 2043 1275 flagitiosissima
2054 1209 2194 1270 sacto
2214 1207 2306 1271 sit]
2335 1206 2401 1256 'rb
2413 1207 2593 1271 optima
2614 1221 2740 1257 cnm

1668 1289 1758 1338 illa
1779 1289 1968 1353 copula
1987 1293 2056 1351 et,
2075 1302 2179 1338 non
2220 1295 2304 1337 est
2338 1286 2391 1335 in
2429 1285 2532 1335 alio
2559 1298 2741 1335 manu-

1668 1367 1882 1431 scripto,
1926 1380 2043 1430 quae
2090 1365 2295 1431 quidem
2339 1364 2450 1428 ipse
2495 1362 2739 1424 viderim,

1668 1459 1766 1495 nec
1801 1442 2171 1494 Beroal'dinum
2204 1457 2270 1494 ea
2300 1442 2534 1492 volumen
2551 1440 2733 1491 habet.

1669 1522 1858 1571 Rivius.

1734 1598 1819 1647 Ea:
1833 1596 2174 1662 pulcherrim]
2217 1569 2452 1647 Adducit
2486 1594 2632 1646 hunc
2661 1593 2738 1645 lo-

1668 1688 1783 1723 cum
1826 1674 1994 1724 Divus
2033 1673 2353 1737 Augustinus
2392 1671 2459 1722 de
2502 1671 2740 1724 Civitate

1669 1751 1772 1802 Dei
1799 1765 1862 1800 ιι.
1889 1755 1967 1801 18.
2036 1750 2257 1801 Cinccon.

1733 1829 1819 1879 Ex
1845 1829 2132 1893 pulcerrima
2167 1828 2366 1892 pessima
2394 1841 2450 1876 se
2483 1822 2739 1889 flagitia]

1669 1903 1823 1956 Adde
1844 1921 1914 1958 ex
1933 1905 2173 1969 scriptis3
2204 1920 2267 1956 ez
2295 1903 2578 1968 pulcerrima
2597 1908 2742 1967 atque

1668 1982 1863 2046 sptium,
1877 1982 2082 2047 pestium
2112 1997 2168 2031 ac
2179 1980 2575 2045 flagitiosissima
2595 1977 2740 2039 fests

1668 2059 1761 2109 sit:
1791 2065 1850 2108 ut
1867 2058 2156 2124 pulsem-ima
2174 2056 2593 2122 flagitiosissimae,
2613 2055 2738 2120 opti-

1669 2151 1747 2185 ιιια
1778 2137 1992 2200 pessimae
2027 2133 2360 2199 respondeat.
2427 2133 2597 2183 Paulo
2621 2138 2741 2199 post

1668 2212 1852 2262 iisdem
1897 2211 2011 2263 fere
2055 2210 2254 2261 verbis=
2305 2212 2321 2239 ‘
2345 2209 2633 2275 Imperium
2668 2224 2736 2260 ex

1658 2288 1945 2352 justissimo
1976 2294 2134 2353 atque
2169 2287 2389 2353 optimo,
2422 2286 2739 2337 crudele'in-

1669 2364 2093 2430 tolerandumque
2114 2363 2349 2416 factum.’
2415 2364 2622 2414 Putsclt.
2731 2401 2738 2408 .

1735 2444 1934 2494 Cano.
1973 2442 2147 2494 Urbem
2168 2439 2544 2506 Ronmsicati
2561 2456 2652 2506 ego
2664 2458 2739 2492 cu:-

1666 2521 1792 2587 ceps‘]
1822 2521 2107 2572 AEmulatus
2129 2527 2210 2571 est
2232 2520 2391 2571 etiam
2411 2519 2550 2568 bunc
2568 2520 2736 2570 locun

1666 2598 1879 2648 Tacitus
1895 2597 2362 2659 initioAnnalium3
2396 2612 2525 2661 quos
2549 2597 2627 2647 sic
2650 2610 2735 2647 ex·

1667 2674 1890 2738 orditur,
1944 2677 1959 2703 ‘
1983 2675 2186 2724 Urbem*
2213 2674 2431 2724 Romam
2473 2673 2541 2724 ab
2587 2672 2734 2724 initio

1670 2751 1839 2815 Reges
1861 2748 2123 2800 habuere-⁹
2178 2748 2472 2800 ctae-conius.

1733 2827 1884 2876 Initio
1899 2826 2101 2877 habuere
2121 2825 2340 2890 Mani]
2359 2824 2502 2876 Illud
2519 2825 2738 2890 habuere,

1668 2903 1917 2953 aGraecis
1950 2904 2219 2954 Sallustius
2250 2902 2478 2967 accepit,
2505 2901 2736 2968 itemque

1669 2983 1941 3031 aemulator
1959 2982 2069 3045 ejus
2084 2981 2320 3041 Tacitus,
2334 2979 2422 3045 qui
2442 2994 2568 3030 suos
2582 2994 2735 3031 auna-

1666 3057 1743 3108 les
1778 3058 1857 3107 ita
1895 3056 2193 3108 exorditur:
2236 3057 2250 3083 ‘
2275 3054 2471 3105 Urbem
2511 3056 2731 3116 Romam

1668 3133 1734 3184 ab
1769 3134 1919 3185 initio
1957 3134 2127 3197 Reges
2146 3130 2411 3183 habuere?
2469 3130 2730 3183 Homerus

1667 3211 1723 3262 in
1741 3211 1991 3277 catalogo
2013 3209 2163 3275 dixit,
2186 3210 2272 3260 οἵτ’
2294 3206 2445 3276 εἶχον,
2467 3213 2574 3262 6ιο.
2613 3243 2620 3251 -
2647 3212 2734 3261 Ur·

1665 3303 1812 3339 stass.
2500 3321 2508 3328 -

1737 3367 1836 3421 Qui
1857 3368 2012 3416 AEnea
2029 3367 2148 3416 duce
2166 3363 2377 3428 promi,
2391 3364 2597 3415 incer-lis
2614 3363 2732 3414 sedi·

1667 3441 1754 3491 bus
1784 3440 2104 3505 vagabamur]
2140 3440 2511 3504 Mannscripta
2548 3440 2731 3490 sedibus

1666 3517 1879 3581 incertis,
1893 3524 1951 3568 ut
1965 3516 2282 3581 adjectivum
2308 3523 2592 3581 sequatur;
2616 3529 2732 3582 quo·

1667 3594 1820 3646 modo
1858 3601 1916 3644 et
1958 3592 2257 3658 Rodolpbus
2289 3590 2546 3656 Agricola
2582 3593 2728 3643 citat.

1668 3669 1861 3720 Rivius.

1736 3748 1946 3810 Cumque
1978 3745 2054 3795 his
2083 3744 2387 3809 Aborigines]
2419 3711 2727 3811 Aborigines

1666 3822 1877 3874 fuerunt
1895 3824 2049 3888 prisci
2081 3825 2157 3874 illi
2189 3823 2381 3885 Latini,
2407 3838 2626 3889 quorum
2653 3836 2729 3873 re·

1667 3915 1756 3966 gea
1796 3901 1995 3967 aliquot
2040 3907 2372 3951 recensentur
2409 3913 2446 3948 a
2488 3900 2638 3951 Livio
2674 3908 2728 3951 et

1667 3976 2098 4029 Halicarnassaeo.
2163 3975 2461 4028 Communis
2494 3984 2726 4029 veterum

1663 4054 1861 4118 opinio,
1899 4053 2152 4119 Trojanos
2194 4053 2420 4103 advenas
2465 4069 2589 4104 cnm
2632 4055 2726 4105 boc

1665 4130 1877 4195 antiquo
1920 4128 2058 4180 Latii
2101 4129 2293 4195 populo
2335 4130 2529 4182 mixtos
2580 4129 2725 4181 simul

1664 4206 1952 4258 coaluisse:
2009 4207 2135 4257 licet
2174 4206 2262 4257 alii
2306 4205 2463 4256 aliter
2519 4205 2718 4258 dicanti

1663 4282 1801 4350 quod
1834 4290 1896 4350 pt
1916 4284 2112 4350 optime
2144 4280 2475 4349 intelligebat
2498 4282 2720 4350 Crispa,
