2984 4892
1002 398 1271 448 RERUM
1322 398 1717 449 MEMORAm
1735 399 1949 450 LIUM.

575 541 614 593 ti
634 541 910 606 Jugurthae
934 540 1285 592 Adherbalem
1324 542 1431 593 Ro-

363 623 461 658 mae
508 609 617 658 also
660 606 905 658 deferunt
925 607 959 658 J
985 612 1044 656 15
1111 607 1164 656 S.
1183 607 1250 658 P.
1275 607 1340 659 Q.
1368 609 1430 658 R.

365 675 586 738 pecunia
607 679 944 735 corrumpunt
994 676 1054 722 15
1081 680 1134 722 et
1159 676 1220 723 16

429 738 615 803 Legati
659 738 864 788 Metelli
904 737 1171 787 Bocchum
1214 752 1247 787 a
1295 737 1433 788 bello

366 803 623 853 desistere
644 805 918 853 hortantur
939 802 973 853 J
996 806 1058 852 83

434 869 616 937 Legati
641 869 983 918 Romanorum
1019 866 1086 916 ad
1123 867 1435 931 Jugurtbam

365 932 402 985 J
425 937 487 982 2⁵
557 932 902 984 Adherbalem
940 938 1000 982 'et
1016 932 1328 997 Jugurtbam
1355 947 1434 982 ar-

366 1012 450 1047 ma
493 996 752 1063 deponere
778 997 971 1061 jubent
1013 1002 1074 1046 21
1158 997 1191 1050 J
1198 997 1433 1062 ugni-thas

368 1077 551 1178 {goeni
577 1065 894 1128 imperantes
930 1060 1124 1112 frustra
1160 1061 1435 1112 discedunt

432 1191 746 1269 Legatorum
791 1191 1075 1255 catalogus,
1111 1192 1197 1257 qui
1220 1169 1433 1253 regimm

368 1257 629 1308 Numidiae
654 1257 873 1307 divisum
896 1256 1235 1307 mittebantur
1253 1257 1284 1309 J
1317 1262 1379 1306 16

369 1386 411 1436 C
434 1323 599 1386 Leges
623 1336 718 1387 pro
738 1324 846 1372 vita
875 1323 1064 1372 civium
1087 1322 1434 1372 Romanorum

427 1452 596 1515 Leges
636 1468 700 1502 ex
735 1451 969 1503 lubidine
1005 1452 1327 1516 imperantur
1390 1451 1432 1500 F

366 1521 482 1577 284,
508 1521 571 1566 10

434 1582 588 1647 Legis
611 1581 909 1647 praesidinm
931 1597 962 1631 a
979 1581 1215 1631 Praetore
1235 1579 1433 1631 debito-

367 1646 512 1696 ribus
529 1655 767 1711 ereptum
793 1646 835 1696 C
861 1651 923 1697 33

432 1712 631 1776 Legum
672 1712 1019 1761 Romanarum
1059 1725 1300 1775 suprema
1343 1724 1432 1775 po⁴

370 1777 539 1827 tentia
564 1777 604 1825 F
624 1780 741 1837 351,
763 1780 828 1826 24

400 1841 642 1955 θ’,1,εῑιιῐιιίἰ
686 1840 908 1905 epistola
951 1840 1015 1892 ad
1056 1840 1331 1890 Catilinam
1388 1839 1430 1889 C

430 1970 635 2021 Lentuli
679 1969 937 2037 ignaviam
1001 1971 1227 2022 Catilina
1263 1969 1429 2020 incre·

365 2042 458 2100 pat
483 2036 525 2085 C
544 2041 608 2087 58

431 2101 705 2150 Lentulum
747 2108 805 2152 ut
843 2099 1070 2166 eripiant
1116 2099 1328 2164 opifices
1373 2104 1430 2149 et

362 2164 578 2280 scer-vitia
599 2166 927 2216 solicitantnr
963 2181 994 2215 a
1016 2165 1292 2216 clientibus
1315 2164 1429 2229 ejus

428 2295 492 2345 P.
515 2294 766 2345 Lentulus
807 2296 954 2359 Sura,
975 2296 1274 2361 conjuratus
1299 2294 1342 2345 C
1369 2298 1429 2344 17

426 2360 679 2409 Lentulus
701 2359 821 2425 quia
855 2367 1048 2425 praetor
1081 2367 1211 2422 erat,
1245 2375 1277 2408 a
1300 2361 1432 2409 Con·

362 2424 474 2474 sule
490 2440 645 2493 ‘manu
664 2425 718 2474 iu
740 2433 973 2476 senatum
996 2425 1204 2475 ducitur
1237 2425 1280 2475 C
1302 2429 1367 2475 46

428 2490 680 2539 Lentulus
711 2490 1006 2555 conjuratus
1030 2490 1250 2540 Lentulo
1287 2489 1433 2554 Spin·

363 2555 497 2605 theri
520 2555 571 2604 in
597 2554 885 2604 custodiam
911 2554 1130 2606 traditus
1151 2555 1195 2605 C.
1215 2558 1278 2604 47

432 2620 686 2670 Lentulus
731 2620 976 2683 patricius
1005 2626 1061 2671 et
1082 2620 1361 2670 consularis
1380 2620 1433 2668 in

365 2699 578 2735 carcere
598 2693 814 2734 necatur
868 2687 952 2734 ula
968 2684 1138 2734 fracta
1160 2686 1202 2734 C
1219 2688 1281 2733 55

431 2750 683 2799 Lentulus
728 2766 794 2798 ex
830 2702 973 2800 fibris
1028 2748 1293 2814 Sibyllinis
1336 2747 1435 2798 sibi

364 2828 419 2865 re
463 2829 583 2864 num
608 2814 893 2865 Romanum
932 2815 1206 2879 pollicetur
1243 2813 1369 2864 cn

510 2878 659 2943 pidus
679 2881 839 2931 Latro
850 2880 1125 2945 proconsul
1146 2878 1435 2929 exercitum

365 2943 439 2994 ad
458 2944 638 2995 urbem
660 2944 807 2996 ducit
830 2946 872 2995 F
894 2951 1010 3007 285,
1033 2950 1095 2995 14

431 3009 629 3074 Leptis,
672 3025 703 3059 a
747 3011 1082 3062 Pboeuicibus
1127 3009 1339 3061 condita
1371 3013 1435 3059 78

362 3074 479 3140 ejus
500 3075 646 3137 situs,
669 3075 794 3125 ibid.

433 3139 721 3204 Leptitani,
761 3141 1005 3191 Romanis
1027 3155 1233 3204 semper
1254 3137 1435 3188 fideles

363 3204 399 3257 J
424 3208 489 3256 77
577 3205 642 3255 ad
684 3206 914 3256 Bestiam
958 3205 1234 3256 amicitiam
1288 3218 1435 3269 roga-

370 3278 480 3319 tum
516 3270 782 3331 miserunt,
817 3270 949 3320 ibid.
1016 3285 1195 3320 eorum
1245 3267 1436 3333 lingua,

364 3335 383 3384 l
451 3350 506 3386 es
530 3341 584 3385 et
609 3350 776 3385 mores
793 3339 858 3384 ⁷8

508 3415 541 3449 x
586 3401 646 3450 C.
687 3399 913 3450 Gracchi
948 3399 1015 3450 de
1058 3399 1306 3450 vocandis
1367 3413 1433 3449 ex

362 3464 877 3581 quiuaeqniswrzlassibusJ
894 3463 1145 3581 οξίιωτίἰι
1170 3464 1214 3516 F
1234 3468 1352 3529 354,
1373 3467 1435 3513 14

508 3545 540 3578 x
626 3544 800 3579 emmu

432 3595 545 3644 Lex
571 3584 782 3644 Plautia
807 3596 850 3644 C
873 3598 934 3644 31

430 3659 542 3709 Lex
567 3658 760 3710 Porcia
783 3661 826 3709 C
849 3664 911 3710 51

433 3723 544 3774 Lex
567 3724 877 3788 Sempronia
910 3724 977 3774 de
999 3724 1275 3789 provinciis
1310 3723 1347 3777 J
1369 3727 1433 3774 2⁷

362 3787 432 3838 de
456 3790 699 3839 vocandis
717 3805 782 3839 ex
802 3790 1034 3856 quinque
1051 3790 1298 3847 classibus
1314 3803 1436 3839 cen-

357 3853 511 3905 turiis
536 3855 577 3904 F
601 3858 714 3915 354,
739 3858 802 3905 14

432 3919 543 3968 Lex
568 3934 660 3983 pro
700 3919 1026 3970 debitoribus
1068 3919 1309 3970 adversus
1342 3917 1435 3968 foe·

365 3990 642 4034 neratores
684 3985 726 4035 C
744 3987 806 4034 33

363 4047 743 4164 cLiberalitas
784 4063 887 4098 non
922 4054 1006 4100 est
1044 4049 1215 4100 aliena
1258 4049 1435 4114 largiri

434 4175 671 4227 Libertas
705 4177 928 4231 maxime
966 4179 1190 4231 omnium
1225 4183 1434 4231 tueatur

366 4242 411 4293 Ρ
432 4245 551 4305 357,
575 4246 637 4293 14

2481 386 2578 451 vii

1576 543 1816 594 Libertas
1857 545 2091 595 omnibus
2130 559 2193 594 ex
2231 558 2381 609 aeqno
2427 550 2574 608 opta·

1511 608 1625 658 bilis
1647 610 1689 659 F
1711 613 1827 673 357,
1849 612 1912 660 24

1573 674 1812 725 Libertas
1847 675 2134 738 periculosa
2169 675 2345 740 quieto
2366 674 2582 725 servitio

1515 740 1690 803 potior
1710 741 1749 789 1³·
1770 744 1886 803 279,
1912 744 1968 789 11

1578 804 1783 853 Lubido
1811 804 1949 855 bona
1972 807 2013 854 F
2034 809 2149 863 300,
2170 808 2200 853 4

1577 868 1721 919 Libri
1744 869 1941 933 publici
1966 869 2282 946 Hiempsalis
2302 871 2337 922 J
2362 874 2424 920 17

1576 932 1769 998 Libyes
1803 933 2036 985 Africam
2081 935 2229 983 initio
2269 934 2497 985 habuere
2541 935 2575 986 J

1518 1002 1580 1048 18
1614 997 1841 1049 ferarum
1866 1014 2007 1049 more
2038 999 2291 1063 viventes,
2321 1001 2451 1050 ibid.
2485 1002 2576 1049 mi·

1515 1078 1783 1178 ιιιιὶἰᾳυαφ
1809 1064 2025 1178 Gtetttilli,
2050 1064 2546 1179 1)εΙῑΐίοοεί,ηἰ1)ῇι1.,ὁΝ

1513 1144 2340 1259 M..1..⁸.3.‘;·0⁰‚:¹,³‚3¹.⁸..⁸¹3¹0{5522*
2378 1145 2474 1180 ¹⁰⁸¹
2513 1144 2575 1180 ¹¹⁸

1576 1260 1743 1309 Locus
1784 1260 1982 1309 medius
2028 1260 2166 1323 apud
2202 1259 2454 1311 Numidas
2489 1261 2574 1309 bo·

1515 1324 1917 1375 norificeutiorJ
1947 1329 2003 1374 11

1575 1388 1638 1437 L.
1666 1389 1931 1439 Bellienus
1955 1395 2152 1453 praetor
2171 1389 2206 1440 J
2231 1393 2327 1440 104

1576 1454 1635 1504 1,.
1669 1454 1849 1505 Bestia
1882 1455 2059 1505 consul
2098 1455 2314 1504 avaritia
2352 1468 2579 1504 corrum-

1515 1518 1659 1583 pitur
1679 1519 1714 1570 J
1737 1523 1803 1568 29

1575 1585 1635 1633 L.
1682 1583 1863 1633 Bestia
1905 1584 2187 1634 exercitum
2244 1584 2297 1632 in
2341 1581 2573 1633 Africam

1512 1653 1666 1712 parat
1699 1648 1733 1700 J
1755 1652 1821 1699 28

1572 1714 1635 1763 L.
1671 1713 1866 1763 ‘Bestiae
1914 1714 2194 1776 Calpurnio
2217 1714 2416 1763 consuli
2457 1728 2576 1777 pro·

1510 1777 1686 1828 vincia
1710 1779 1959 1828 Numidia
1979 1779 2189 1828 obvenit
2211 1778 2246 1829 J
2269 1782 2332 1828 27

1575 1844 1636 1893 L.
1681 1844 1876 1893 Bestiae
1921 1844 2145 1893 consulis
2203 1844 2268 1892 de
2313 1841 2576 1893 deditione

1508 1907 1785 1959 consilium
1808 1924 1923 1958 eum
1947 1908 2202 1972 Jugurtba
2236 1911 2300 1957 30

1574 1974 1633 2023 L.
1660 1975 1865 2023 Cassius
1908 1980 2104 2036 proetor
2148 1972 2213 2022 ad
2258 1972 2572 2037 Jugurtham

1505 2038 1732 2089 mittitur
1762 2039 1795 2089 J
1819 2042 1882 2089 32

1572 2105 1632 2153 1,.
1677 2103 1885 2153 Cassius
1936 2102 2250 2153 deditionem
2303 2102 2576 2166 Jugnrthoe

1505 2168 1807 2233 persuadet,
1841 2167 1968 2217 ibid.

1572 2235 1633 2284 L.
1659 2233 1900 2283 Catilina.
1922 2232 2060 2283 'Vide
2099 2232 2329 2283 Catilina

1574 2299 1633 2348 1,.
1658 2298 1884 2357 Cincius,
1899 2297 2010 2347 sive
2030 2298 2270 2361 Sicinius,
2291 2296 2484 2362 primus
2509 2295 2574 2345 de

1509 2363 1788 2477 {ribunicia
1844 2369 2109 2429 potestate
2151 2363 2294 2428 loqui
2335 2375 2489 2412 ausus
2533 2361 2594 2409 F·

1542 2433 1624 2488 02,
1647 2433 1679 2478 2

1577 2494 1636 2543 L.
1659 2493 1881 2544 Domitii
1912 2494 2023 2544 vita
2052 2493 2093 2542 F
2116 2497 2232 2557 355,
2253 2497 2317 2544 23

1574 2559 1633 2609 L.
1691 2558 1903 2623 Drusus,
1970 2564 2215 2623 patronus
2292 2555 2577 2607 nobilitatis

1508 2624 1553 2674 F
1573 2627 1670 2673 353
1711 2627 1777 2674 26

1577 2688 1639 2738 P.
1665 2659 1915 2737 Lucullus
1938 2692 1994 2736 et
2035 2687 2097 2737 L.
2120 2686 2318 2737 Annius
2358 2686 2479 2736 trib.
2507 2686 2578 2750 pl.

1509 2753 1867 2868 gagistratum
1911 2751 2224 2803 continuare
2267 2752 2504 2801 nituntur
2540 2751 2573 2801 J

1579 2882 1637 2932 L.
1661 2882 1887 2932 Manlius
1909 2880 2034 2931 trib.
2076 2882 2150 2945 pl.
2174 2880 2239 2930 de
2262 2880 2578 2945 imperatore

1513 2954 1701 3063 gontra
1723 2946 2033 3012 Jugurtham
2051 2947 2116 2996 ad
2140 2945 2383 3011 populum
2400 2943 2578 2995 refert.

1576 3076 1635 3126 L.
1655 3077 1702 3127 Ο
1744 3076 1912 3142 imius,
1930 3077 1990 3127 C.
2013 3077 2317 3154 Sempronio
2342 3075 2578 3126 Graccho

1514 3147 1570 3192 et
1608 3141 1687 3191 M.
1754 3142 1893 3191 ulvio
1916 3143 2105 3192 Flacco
2130 3139 2438 3199 interfectis,
2459 3154 2581 3189 con·

1513 3207 1594 3257 sul
1635 3206 1909 3257 victoriam
1946 3206 2231 3257 nobilitatis
2273 3207 2328 3257 in
2367 3205 2577 3270 plebem

1510 3271 1797 3323 exercebat
1817 3272 1852 3323 J
1879 3277 1941 3322 16

1579 3337 1637 3386 L.
1662 3336 1920 3400 Opimius,
1953 3336 2226 3401 legationis
2251 3336 2510 3401 princeps,
2547 3350 2580 3384 a

1508 3401 1766 3516 Juffrtba
1787 3403 2153 3465 corrumpitur,
2190 3401 2317 3452 ibid.

1659 3467 1849 3517 Psnlus
1896 3468 2012 3531 lege
2047 3467 2256 3517 Plautia
2301 3464 2578 3517 Catilinam

1510 3532 1801 3597 interrogat
1823 3533 1867 3583 C
1885 3536 1945 3582 31

1574 3597 1635 3646 L.
1653 3597 1949 3648 Postumius
1962 3597 2189 3648 civitatis
2203 3610 2331 3646 onus
2351 3596 2395 3645 1²·
2416 3597 2530 3657 356,
2546 3597 2577 3642 3

1576 3663 1636 3712 L.
1679 3662 1953 3728 Tarquinii
1984 3662 2174 3713 indicio
2211 3676 2313 3711 non
2357 3660 2579 3709 babetur

1507 3724 1639 3776 fides
1660 3727 1704 3777 C
1721 3730 1788 3777 48

1575 3792 1635 3842 1,.
1667 3792 1770 3842 Tor
1811 3798 1933 3843 uato
1971 3799 2027 3844 et
2070 3792 2131 3842 L.
2155 3791 2314 3841 Cotta
2345 3785 2580 3839 Consuli-

1511 3856 1624 3921 bus,
1666 3857 1786 3908 Cati
1807 3858 1894 3908 ina
1932 3865 1989 3908 et
2034 3855 2319 3908 Autronius
2374 3851 2576 3903 caedcm

1509 3929 1696 3986 parant
1720 3922 1764 3971 C
1791 3926 1852 3973 18
2535 3979 2549 3994 .

1575 3987 1636 4037 1,.
1659 3987 1899 4037 Valerius
1939 3987 2160 4037 Flaccus
2196 3992 2251 4037 et
2275 3986 2338 4034 C.
2377 3983 2575 4032 Pomti-

1509 4051 1621 4100 nius
1684 4059 1897 4101 raetores
1920 4052 1986 4100 ad
2024 4050 2330 4116 Allobroges
2365 4045 2576 4098 interci-

1509 4116 1629 4181 pien
1669 4131 1726 4166 os
1749 4118 1888 4166 missi
1907 4116 1949 4165 C
1970 4120 2033 4167 45

1574 4181 1634 4231 L.
1676 4180 2023 4246 Vargunteius
2065 4179 2306 4234 Ciceroni
2363 4178 2580 4241 insidias

1508 4244 1833 4297 machinatur
1855 4246 1900 4297 C
1914 4250 1979 4297 28
