2984 4892
1093 405 1271 456 vri-A
1306 396 1742 458 natumst-11.
2142 448 2150 457 .
2467 395 2517 462 9

290 554 776 622 bit—abeodem
802 553 1216 619 Praetextatb
1239 554 1589 634 eruditum,
1620 554 1820 640 atque
1838 550 2268 623 insti-naudi:
2298 557 2515 623 maxi-

292 678 413 725 ·ne
436 663 663 723 suern
688 656 791 722 M.
816 654 1094 721 Catonis
1119 656 1459 722 studiosus
1487 656 1646 724 fuit.
1629 678 1646 695 ·
1691 677 1778 722 ex
1808 659 1999 744 cujus
2027 656 2516 727 commentariis

306 760 505 826 verba
557 759 921 841 excerpsit,
983 764 1053 822 et
1106 758 1282 823 velut
1329 759 1726 824 breviarium
1777 758 1878 826 ad
1923 776 2115 826 usum
2173 763 2515 847 proprium

307 861 581 927 habnt:
635 860 817 945 quod
878 859 1229 926 Octavius·
1248 880 1515 945 quoque
1572 861 1911 946 Augustus
1964 865 2035 927 in
2090 863 2374 949 epistola
2426 864 2516 931 ad

310 962 409 1031 Η.
441 962 821 1031 Antonium
842 963 1057 1042 refert,
1099 966 1166 1029 in
1197 984 1331 1049 qua
1348 966 1579 1048 ipsum
1614 963 1995 1044 Antonium,
2037 984 2159 1031 seu
2190 967 2518 1032 insanien-
2640 1000 2651 1011 ·

308 1076 439 1135 tun
465 1070 790 1152 increpat,
837 1067 1017 1152 quod
1065 1087 1153 1132 ea
1176 1068 1464 1133 scribere
1490 1069 1715 1149 vellet,
1765 1086 1919 1153 quae
1947 1069 2262 1135 mirentur
2288 1071 2518 1154 potius

288 1170 632 1248 hmines,
680 1189 884 1254 quarn
918 1188 1072 1254 quae
1118 1171 1503 1254 intelligant.
1591 1171 1730 1236 Sed
1773 1173 2032 1237 interim
2085 1170 2170 1237 ad
2215 1171 2518 1237 Sallustii

308 1274 840 1339 cmmentarios.
930 1272 1300 1338 Historiam
1327 1275 1711 1358 composuit
1728 1274 1816 1338 de
1844 1272 1925 1339 1..
1945 1272 2256 1339 Catilinae
2287 1274 2519 1360 conju-

292 1375 565 1441 ratime
594 1383 824 1440 contra
852 1374 944 1441 R.
976 1375 1321 1454 Senatum,
1368 1382 1436 1441 et
1463 1378 1620 1442 item
1648 1376 1733 1441 de
1759 1377 1939 1443 bello
1980 1376 2350 1460 Jugmthae,
2396 1378 2518 1461 qui

308 1476 650 1544 Nmidiae
704 1497 829 1543 rex
880 1479 1123 1558 factus,
1196 1478 1312 1547 diu
1372 1473 1605 1547 contra
1663 1471 2022 1547 Romanos
2066 1486 2326 1547 strenue
2377 1498 2519 1545 rem

306 1581 533 1666 gessit.
624 1579 999 1647 Historiam
1042 1590 1365 1666 praeterea
1410 1582 1498 1646 de
1538 1581 1996 1648 Romanorum
2039 1584 2266 1667 gestis,
2313 1586 2390 1648 ut
2429 1580 2518 1646 de

307 1681 550 1764 Mario,
579 1692 649 1749 et
676 1682 887 1761 Sulla,
912 1701 1166 1747 necnon
1191 1683 1276 1748 de
1304 1682 1634 1769 Pompeio
1662 1692 1893 1752 contra
1915 1704 2136 1769 regem
2166 1683 2518 1750 Mithrida-

288 1790 473 1852 tem.
516 1784 706 1871 quod
733 1804 911 1868 opus
932 1784 1122 1850 libris
1161 1785 1418 1870 aliquot
1460 1806 1507 1851 n
1551 1786 1874 1853 Sallustio
1907 1788 2289 1853 absolutum
2316 1785 2520 1852 tradi-

304 1895 432 1968 tur,
456 1894 529 1954 et
553 1886 774 1953 adhuc
803 1893 1159 1972 supersunt
1184 1887 1523 1971 quaedam,
1551 1890 1758 1955 veluti
1785 1890 2263 1957 absolutissimi
2293 1889 2518 1977 operis

303 1991 629 2077 reliquiae,
660 1991 730 2054 in
754 1988 1003 2073 quibus
1031 1988 1337 2054 Sallustii
1365 1990 1758 2074 diligentia
1735 2010 1808 2056 ιιι
1833 1990 2116 2058 historia
2145 1991 2521 2058 describen-

306 2094 415 2173 da,
468 2101 678 2179 atque
730 2091 1026 2176 gravitas
1076 2097 1425 2177 appareat.
1525 2092 1610 2159 In
1669 2100 1858 2181 parte
1908 2096 2130 2181 operis
2180 2094 2265 2160 de
2319 2094 2520 2160 rebus

290 2197 609 2275 Punicis,
647 2202 835 2262 tanto
858 2195 1075 2260 animi
1090 2194 1314 2261 studio
1340 2195 1672 2277 incubuit,
1702 2202 1778 2262 ut
1802 2216 1847 2263 a
1874 2197 2281 2282 quibusdam
2310 2197 2520 2281 scrip-

307 2308 449 2367 tun
476 2301 593 2379 sit,
640 2316 797 2364 eum
822 2300 1154 2382 regionem
1179 2296 1453 2378 adiisse,
1484 2318 1566 2365 ac
1594 2300 1898 2367 maxima
1942 2300 2217 2366 solertia
2264 2301 2522 2384 perlus-

288 2411 543 2481 -trasse,
591 2420 730 2487 quo
772 2401 1025 2487 majore
1062 2399 1196 2465 fide
1225 2406 1428 2485 atque
1479 2400 1704 2467 officio
1732 2402 2072 2468 veritatem
2115 2400 2517 2486 exploraret.

286 2504 611 2572 Avienus
632 2510 813 2570 certe
840 2500 1066 2567 Rufus
1113 2503 1465 2586 plurimum
1494 2502 1795 2569 Sallustii
1841 2502 2268 2587 diligentiam,
2317 2508 2520 2587 atque

306 2608 598 2675 studium
641 2604 1169 2673 commendavit:
1218 2603 1338 2671 sed
1382 2609 1449 2669 et
1490 2600 1775 2685 Gellius,
1827 2605 1934 2670 vir
1976 2603 2345 2684 Romanus,
2402 2607 2520 2690 qui

288 2718 605 2779 'vetum
631 2706 1021 2775 eruditionis
1048 2705 1475 2773 Aristarchus
1504 2707 1889 2788 habebatur,
1941 2710 2039 2773 ita·
2083 2706 2168 2774 de
2215 2707 2519 2773 Sallustii

304 2815 603 2881 oratione
626 2810 931 2877 disserit:
977 2813 1000 2844 ‘
1028 2807 1414 2895 Reganus)
1440 2810 1683 2896 inquit,
1733 2814 1770 2857 ‘-
1785 2809 2109 2891 Sallustii,
2139 2810 2519 2879 verborum-

303 2936 439 3002 que
464 2916 804 2992 tamdia,
846 2919 919 2979 et
942 2913 1240 2979 novandi
1268 2913 1583 2993 studium,
1637 2930 1788 2978 cum
1811 2913 2027 2978 multa
2051 2931 2325 2998 prorsus
2349 2912 2518 2978 invi-

304 3021 420 3086 dia
440 3019 598 3097 suit,
642 3018 869 3104 plures
896 3034 1029 3081 non
1056 3015 1378 3083 mediocri
1420 3015 1685 3100 ingenio
1714 3016 1840 3080 viri
1871 3015 2091 3080 conati
2117 3018 2270 3078 sunt
2295 3034 2518 3098 repre-

304 3123 586 3195 fflere
637 3121 979 3208 pleraque,
1028 3125 1097 3184 et
1142 3119 1534 3196 obtrectare,
1581 3119 1654 3181 in
1705 3116 1952 3201 quibus
2003 3115 2201 3201 plura
2249 3115 2516 3196 inscite,

304 3234 417 3292 aut
440 3226 731 3309 maligne
757 3221 1131 3291 vellicant?
1173 3222 1337 3307 quin
1374 3227 1442 3286 et
1464 3222 1640 3286 hunc
1690 3221 2114 3305 proprietatis
2159 3219 2518 3284 servantis-

308 3330 549 3395 simum
577 3335 798 3394 vocat.
887 3326 1093 3391 Titus
1133 3331 1355 3391 autem
1406 3324 1645 3389 Livius
1691 3330 1828 3389 tam
1877 3322 2144 3406 iniquus
2195 3320 2517 3386 Sallustio

308 3432 447 3512 fuit,
479 3434 684 3499 sicuti
714 3432 803 3497 ab
834 3429 1094 3495 Annaeo
1132 3426 1393 3493 Seneca
1418 3427 1752 3504 scribitur,
1780 3432 1856 3490 ut
1884 3423 2199 3510 quaedam
2227 3442 2317 3488 ex
2351 3422 2518 3489 His-

310 3539 474 3603 toria
498 3534 920 3621 'Riucydidis
960 3532 1301 3611 nansiata,
1353 3535 1422 3596 et
1468 3530 1799 3614 eleganter
1826 3532 2146 3606 assumta,
2195 3527 2376 3593 velut
2403 3524 2519 3590 de-

310 3645 614 3723 pravata,
655 3643 725 3703 et
750 3641 1070 3720 corrupta
1095 3634 1193 3699 illi
1222 3634 1562 3720 objecerit,
1603 3633 1805 3717 idque
1828 3632 2054 3716 ipsum
2081 3649 2212 3694 non
2240 3629 2311 3692 in
2338 3628 2518 3697 Thu-

310 3742 572 3828 cydidis
596 3742 885 3824 gratiam
913 3738 1158 3815 effecit,
1207 3742 1284 3802 ut
1320 3735 1613 3802 Arellius
1657 3734 1921 3801 Fuscus
1947 3731 2240 3810 dicebat,
2290 3749 2518 3797 verum

310 3846 565 3929 putavit
608 3864 684 3908 se
709 3843 981 3909 facilius
1008 3841 1395 3907 Sallustium
1422 3840 1709 3917 vincere,
1759 3838 1820 3902 si
1850 3837 2035 3920 prius
2061 3832 2520 3917 Thucydidem

298 3949 525 4032 ipsum
565 3946 929 4031 praeferret.
1018 3942 1297 4010 Asinius
1346 3961 1612 4026 quoque
1656 3940 1880 4006 Pollio
1925 3939 2168 4004 librum
2218 3935 2517 4020 scripsit,

314 4066 440 4133 que
466 4048 767 4115 Sallustii
796 4048 1052 4132 scripta
1078 4045 1599 4133 reprehenderet,
1648 4041 1830 4133 quod
1876 4042 1947 4106 in
1986 4041 2073 4106 iis
2119 4037 2326 4104 nimia
2353 4055 2515 4122 qua-

302 4150 459 4216 ·‹lam
514 4151 937 4218 affectatione
993 4149 1448 4234 antiquitatem
1507 4151 1910 4231 sequeretur.
1967 4134 1968 4137 '
2044 4142 2301 4208 Fabius
2355 4158 2516 4205 vero

320 4250 784 4335 Quintilianus,
813 4252 919 4321 vir
938 4258 1222 4332 maturo,
1250 4255 1321 4321 et
1346 4251 1533 4336 gravi
1548 4249 1835 4339 judicio,
1876 4245 2179 4324 asseruit,
2225 4242 2516 4311 oratione
