2984 4892
497 389 624 464 Qvi

499 547 742 613 pralium
761 547 992 600 munitum
1028 544 1204 598 flecte
1246 545 1310 612 (i.
1335 560 1382 595 e.
1406 545 1564 596 comi-

499 628 602 666 nns
625 613 879 677 pugnare)
905 613 938 665 J
963 617 1026 662 57
1092 626 1240 662 manu
1266 625 1423 674 parva
1445 625 1563 661 cum

505 679 706 742 magnis
743 678 1031 742 legionibus
1065 677 1393 730 contendisse
1434 677 1476 725 C
1500 679 1562 725 53

505 757 722 806 qnorum
748 757 829 794 res
851 742 1081 807 fidesque
1107 742 1158 790 in
1183 740 1417 792 manibus
1450 740 1565 789 sitae

505 815 658 866 erant
676 809 707 860 J
734 812 796 858 73
864 815 953 858 aut
971 822 1118 871 aequa
1138 821 1290 856 manu
1307 805 1569 858 discessis-

508 879 588 922 set
608 872 654 922 C
674 877 739 922 39
789 887 942 920 mann
966 877 1196 936 promtus
1219 872 1261 920 C
1284 875 1348 920 43
1400 877 1454 919 et
1475 870 1512 921 J
1534 874 1564 919 7

501 945 562 984 et
575 936 612 988 J
625 939 691 987 44
728 939 999 987 Lentulum
1011 937 1199 986 Consul
1218 950 1368 984 nianu
1382 941 1566 984 tenens

507 999 561 1054 ὶῐι
582 1009 814 1051 senatum
841 999 1080 1064 perducit
1104 1001 1148 1051 C
1169 1004 1235 1049 46
1299 999 1563 1049 exercitus

503 1065 732 1118 inmania
757 1066 801 1116 C
821 1071 882 1115 51
950 1066 1123 1126 urbes,
1153 1069 1255 1115 διο.
1295 1078 1447 1114 mann
1482 1078 1569 1113 ce-

505 1130 712 1194 peratJ
734 1137 763 1180 5
819 1144 989 1194 neque
1023 1129 1147 1180 mihi
1182 1130 1236 1179 in
1272 1145 1424 1178 manu
1462 1127 1569 1178 fuit

503 1194 544 1247 J
568 1199 631 1245 14
694 1195 910 1259 injurias
943 1210 1060 1244 suas
1092 1209 1247 1244 manu
1282 1193 1569 1243 vindicatu-

505 1274 622 1316 ram
639 1260 676 1319 J
701 1264 766 1309 20
830 1260 864 1308 i.
880 1275 929 1309 e.
953 1259 1023 1322 vi,
1045 1258 1164 1309 vide
1185 1258 1567 1309 Broukhusium

507 1325 576 1376 ad
603 1325 846 1389 Propert.
869 1325 945 1382 iii,
985 1328 1048 1373 16
1112 1337 1228 1374 eum
1252 1323 1573 1387 proedatoria

506 1389 540 1440 J
559 1393 624 1438 20
687 1389 907 1440 bostium
923 1388 1138 1439 diducta
1152 1388 1186 1441 J
1204 1392 1266 1438 25
1322 1388 1376 1437 iu
1395 1395 1571 1437 vestra

508 1453 669 1504 situm
691 1460 772 1505 est
816 1453 1045 1505 Quirites
1084 1454 1120 1505 J
1142 1457 1203 1503 31
1272 1466 1373 1502 non
1416 1467 1569 1502 manu

510 1531 679 1582 neque
715 1519 767 1568 vi
804 1518 838 1569 J
865 1523 927 1569 31
997 1517 1265 1568 tormentis
1287 1526 1376 1567 aut
1414 1532 1569 1567 mauu

507 1583 922 1660 emisssjsculas
943 1587 1007 1633 57
1062 1582 1350 1648 significare
1368 1589 1458 1631 aiut
1473 1582 1568 1632 niti

508 1649 810 1712 corporibus
844 1647 879 1700 J
912 1653 978 1698 60
1043 1648 1254 1697 timidos
1294 1646 1573 1697 insolentia

508 1711 714 1770 itineris
755 1713 928 1763 levare
970 1728 1123 1762 manu
1159 1714 1195 1765 J
1216 1715 1280 1762 94
1350 1719 1570 1762 tantum·

509 1777 665 1827 modo
704 1792 876 1842 neque
919 1778 1136 1827 consilio
1200 1790 1371 1840 neque
1412 1792 1571 1826 mann

513 1841 736 1905 priorem
775 1843 931 1892 alium
965 1842 1076 1906 pati
1112 1841 1145 1893 J
1166 1845 1230 1892 96
1296 1843 1569 1892 consulere

508 1906 762 1958 militibus
783 1907 816 1959 J
841 1912 907 1957 98
980 1922 1095 1957 cum
1121 1907 1256 1957 bello
1277 1906 1571 1956 melioribus

509 1985 713 2030 manum
743 1978 1079 2022 consererent
1099 1971 1254 2021 rudes
1273 1971 1309 2023 J
1335 1976 1401 2021 49
1464 1986 1572 2021 ma-

510 2050 607 2085 nus
628 2036 879 2100 sanguine
917 2037 1058 2085 civili
1098 2035 1274 2086 alebat
1304 2036 1430 2085 014
1505 2050 1571 2085 ne

511 2106 874 2165 torpescerent
894 2116 989 2165 per
1025 2100 1189 2151 etium
1219 2101 1449 2165 gratuito
1467 2115 1573 2151 ma-

512 2165 614 2228 lns,
634 2168 735 2216 διο.
778 2166 822 2216 C
863 2170 924 2216 16
1010 2180 1105 2230 per
1149 2180 1326 2216 manus
1365 2165 1577 2222 liberta„-

513 2236 619 2279 tem
653 2229 980 2290 retinendam
1022 2231 1058 2282 J
1100 2233 1160 2279 31
1252 2231 1574 2280 consulatum

511 2293 755 2344 nobilitas
799 2294 940 2344 inter
984 2309 1041 2344 se
1097 2309 1191 2360 per
1248 2309 1426 2344 manus
1472 2304 1593 2345 tra-—

512 2358 670 2416 debat
690 2359 723 2410 J
747 2363 814 2410 64
831 2359 902 2408 ob
924 2374 1042 2409 suos
1059 2359 1301 2410 tutandos
1322 2358 1375 2408 in
1396 2375 1576 2409 manus

514 2424 836 2475 venturum-l
857 2428 922 2473 89
946 2423 1052 2473 tela
1085 2424 1137 2472 in
1153 2479 1160 2486 ,
1175 2439 1355 2474 inanus
1367 2424 1579 2485 jaceret

512 2487 554 2548 Ε
576 2491 770 2549 349,24
804 2488 1150 2552 rapacissimae
1193 2489 1234 2537 F
1270 2493 1387 2549 363,
1427 2493 1487 2538 17
1524 2490 1576 2540 in

511 2552 648 2615 agris
670 2567 908 2602 manuum
930 2551 1172 2602 mercede
1202 2552 1430 2618 inopiam
1449 2554 1577 2604 tele-

510 2623 725 2666 raverat
743 2617 787 2666 C
808 2621 871 2666 37

533 2724 542 2730 .
581 2680 869 2732 Manifesta
907 2682 1071 2747 magis
1118 2696 1184 2732 ex
1242 2682 1332 2731 illo
1380 2682 1578 2733 babere

509 2746 703 2798 veiled
723 2750 790 2795 33
827 2746 983 2796 sicuti
1007 2749 1071 2797 de
1091 2746 1377 2797 manifestis
1403 2762 1589 2797 rerum·

515 2810 816 2874 capitalium
835 2826 978 2861 inore
993 2813 1243 2876 majorum
1264 2811 1576 2877 supplicium

512 2874 813 2926 sumendum
831 2876 864 2927 J
879 2881 944 2926 52
996 2877 1213 2926 Plautus
1234 2877 1445 2927 Trucul.
1469 2877 1506 2940 i,
1528 2881 1579 2940 2,

499 2943 602 2992 29.
663 2939 989 2991 manifestam
1009 2941 1285 3006 mendacii,
1323 2943 1478 3000 mala,
1525 2950 1580 2992 te

516 3011 692 3066 teneo.
757 3006 1057 3069 spirantem
1092 3021 1153 3057 ac
1183 3006 1303 3055 vitae
1339 3005 1580 3056 manifes-

515 3075 621 3119 tam
644 3069 918 3120 advertere
938 3080 1168 3136 pastores
1188 3072 1355 3121 Tacit.
1375 3076 1438 3121 12
1498 3071 1585 3122 de·

514 3134 648 3196 lieti,
681 3135 848 3186 Idem.
905 3137 1137 3201 dentque
1162 3151 1372 3200 operam
1396 3137 1471 3185 uti
1494 3151 1582 3186 eos

515 3214 669 3264 qnam
714 3200 930 3251 maxime
965 3201 1261 3251 manifestos
1291 3202 1518 3252 habeant
1540 3202 1585 3252 C

505 3267 597 3322 41,
623 3267 756 3316 tanti
778 3266 989 3316 sceleris
1008 3267 1042 3318 J
1050 3267 1271 3329 ugurtha
1291 3266 1324 3318 J
1346 3270 1408 3316 35

579 3329 977 3380 Mansuetudine
1030 3339 1188 3396 atque
1232 3330 1586 3381 misericordia

511 3392 718 3445 SPQR.
739 3411 946 3459 semper
966 3395 1125 3446 fuisse
1161 3397 1206 3448 C
1238 3400 1300 3446 34
1327 3402 1426 3460 ter,
1463 3410 1587 3446 cum

505 3459 872 3512 ‹misericor-dia
899 3461 1129 3522 'ungitur

581 3523 814 3587 Mapalia
832 3476 1050 3576 aedificia
1065 3524 1403 3575 Numidarum
1415 3539 1585 3602 agres-

497 3587 649 3650 -tium
691 3588 725 3641 J
775 3593 837 3639 18
906 3578 1245 3652 circiimjecta
1287 3590 1487 3640 civitati
1541 3590 1583 3639 F

513 3656 636 3720 331,
650 3657 713 3704 23
754 3669 818 3703 ex
844 3653 1048 3717 oppidis
1068 3663 1120 3703 et
1141 3655 1424 3717 mapalibus
1443 3654 1477 3707 J
1495 3659 1562 3705 46

582 3719 734 3769 Mare
777 3734 988 3780 saevum,
1048 3719 1419 3783 importuosum
1458 3719 1492 3770 J
1524 3724 1585 3770 17

509 3797 754 3846 mgnum
775 3783 810 3834 J
844 3789 905 3833 18
933 3785 1141 3847 propius
1179 3797 1320 3833 mare
1341 3781 1589 3833 Africum.

515 3847 784 3923 agitabant
826 3849 858 3900 J
892 3853 953 3897 18
989 3864 1231 3910 magnum
1271 3863 1384 3898 esse
1409 3855 1465 3898 et
1487 3864 1585 3897 εω-

516 3925 630 3965 we
654 3914 816 3961 ventis
855 3915 1016 3976 coepit
1049 3914 1081 3965 J
1106 3917 1170 3962 78
1206 3913 1517 3962 vorticosum
1544 3914 1583 3961 F

518 3981 640 4038 331,
659 3982 719 4026 15
757 3978 961 4027 divitias
995 3975 1310 4040 profundant
1332 3979 1383 4026 in
1405 3987 1585 4030 extru-

513 4041 654 4091 endo
674 4044 802 4091 mari
817 4043 937 4090 020
951 4043 1176 4092 secundo
1195 4043 1362 4106 prima
1377 4042 1584 4106 Cyrene

518 4111 602 4155 est
619 4106 655 4157 J
685 4110 745 4156 19
778 4106 842 4168 (i.
865 4121 912 4157 e.
934 4109 1185 4170 proximo,
1209 4105 1316 4155 vid.
1342 4107 1587 4158 orosium

517 4169 594 4233 iii,
611 4168 671 4234 2)
710 4170 1015 4220 immensum·
1053 4182 1207 4221 aucto
1231 4182 1286 4221 et
1312 4180 1464 4222 vento
1489 4172 1586 4235 gli-

519 4234 687 4286 scenti
710 4235 751 4284 F
760 4239 877 4300 299,
890 4239 924 4285 9
935 4237 1119 4301 hyems
1128 4237 1256 4288 mari
1277 4236 1491 4301 prohibe
1498 4237 1590 4287 bat

519 4296 691 4366 Epis,
708 4300 994 4355 evomendi
1012 4316 1171 4356 causa
1189 4307 1336 4354 tetra
1349 4301 1593 4372 marique

1179 365 1433 466 tunm&
1463 399 2030 456 -ensunsrrcus

1637 545 1806 597 omnis
1819 544 2093 610 exquirere
2113 544 2158 595 C
2173 548 2234 595 13
2252 532 2711 609 plseidoFm

1636 611 1781 673 Virg.
1828 610 1957 660 Cnm
2010 611 2271 673 placidum
2325 609 2498 659 ventis
2543 619 2711 660 staret

1638 689 1800 736 mere,
1822 674 1957 738 quod
1983 689 2048 726 ex
2070 676 2335 725 Theocriti
2371 669 2423 732 ἦν
2443 673 2495 722 δὲ
2516 672 2711 735 wan

1638 754 1954 803 expressum.
2020 738 2084 788 Id
2108 740 2246 803 qnod
2270 738 2547 789 deferbuit
2566 749 2711 790 stare

1638 806 1847 865 dicitur,
1882 805 2075 854 Horat.
2113 805 2168 854 ii.
2213 809 2265 865 4,
2306 809 2374 854 68
2458 805 2576 854 Hoc
2621 804 2712 854 ubi

1639 868 1905 920 confusum
1924 870 2081 920 sectis
2095 868 2340 919 inferbuit
2354 869 2528 918 herbis
2545 871 2715 933 Cor}-

1640 933 1823 998 cluqne
1846 949 2001 983 croco
2024 949 2256 997 sparsum
2275 935 2447 984 stetit.
2506 933 2714 984 Cuncta

1641 1003 1896 1065 terraeque
1933 999 2183 1063 patebant
2221 1000 2265 1049 C
2305 1003 2367 1048 10
2407 1005 2714 1048 constructa

1640 1078 1753 1112 esse
1773 1064 1814 1112 C
1834 1068 1894 1113 13
1918 1064 2392 1127 mariamontisque
2407 1063 2649 1127 polliceri
2666 1063 2711 1112 C

1640 1132 1702 1180 2³
1729 1129 1803 1177 sic
1842 1129 2277 1179 Terent.montes
2301 1129 2415 1178 auri
2438 1128 2654 1177 Phorm.
2678 1130 2715 1177 i.

1641 1193 1870 1244 2P1aut.
1911 1193 2025 1243 Mil.
2065 1197 2147 1252 42,
2171 1197 2235 1243 73
2269 1201 2472 1243 montes
2620 1193 2719 1244 nti.

1642 1258 1740 1312 Gr.
1774 1255 1994 1307 θάλασσα
2035 1258 2241 1321 ἀγαθῶν,
2272 1256 2471 1320 χρυσίου
2630 1275 2714 1307 os:

1643 1329 1799 1382 terrae
1822 1329 1879 1373 et
1914 1323 2077 1372 maria
2099 1324 2248 1373 simul
2274 1323 2448 1373 omnia
2472 1337 2727 1386 compon-

1642 1388 1778 1437 enda
1795 1395 1915 1437 sunt
1938 1389 1974 1437 F
1988 1393 2104 1449 345,
2129 1393 2186 1439 17
2211 1387 2405 1438 fretum
2421 1388 2590 1437 nostri
2612 1403 2722 1436 ma-

1642 1449 1712 1502 ris
1736 1461 1791 1502 et
1815 1452 2013 1503 Oceani
2035 1453 2071 1505 J
2104 1458 2134 1503 7
2159 1451 2379 1503 adverso
2401 1460 2534 1502 aestu
2556 1453 2717 1502 maris

1644 1517 1686 1568 F
1708 1521 1825 1579 297,
1846 1522 1873 1568 1
1899 1517 2211 1567 maritimum
2235 1517 2424 1567 bellom
2450 1518 2493 1567 C
2518 1521 2587 1566 39

1709 1582 1959 1632 Materies
1982 1584 2205 1632 omnium
2239 1584 2493 1632 malorum
2518 1583 2563 1631 C
2589 1585 2655 1630 10

1709 1647 1952 1697 Materno
1976 1663 2163 1710 genere
2180 1648 2349 1710 impar
2364 1648 2395 1699 J
2415 1651 2475 1696 11
2499 1652 2555 1695 et
2570 1645 2606 1698 J
2624 1649 2728 1697 108

1709 1712 1922 1761 Matura
1944 1720 2062 1761 sunt
2085 1712 2255 1762 omnia
2276 1713 2357 1761 dis
2371 1710 2683 1775 juvantibus
2701 1727 2719 1770 ;

1647 1773 1883 1835 viatoria,
1907 1777 2105 1841 praeda,
2127 1778 2237 1826 laus
2271 1777 2305 1828 J
2331 1781 2393 1825 85
2414 1776 2719 1826 maturabat

1645 1841 1822 1905 fugam
1863 1843 1904 1891 F
1951 1846 2065 1907 288,
2111 1846 2174 1893 14
2246 1842 2320 1891 sie
2362 1841 2514 1905 Virg.
2554 1854 2722 1889 cansa

1644 1904 1887 1956 facinoris
1904 1906 2194 1956 maturandi
2215 1907 2257 1957 C
2271 1912 2331 1955 15
2350 1905 2724 1956 maturandum

1646 1971 1892 2034 putabam
1916 1972 2097 2034 F281,‘
2112 1977 2135 2020 l
2160 1973 2231 2021 sic
2248 1972 2421 2020 Dares
2435 1985 2555 2035 cap.
2566 1973 2635 2019 39
2654 1968 2725 2019 de

1645 2035 1722 2088 liis
1746 2037 1965 2101 aliquem
2000 2036 2309 2085 mittendum
2346 2050 2481 2098 esse,
2510 2039 2644 2099 (qno
2666 2032 2723 2083 id

1646 2101 1757 2151 sine
1796 2100 2088 2165 suspicione
2109 2099 2221 2160 fiat,
2262 2100 2506 2158 celerius,
2528 2108 2726 2150 matur·

1649 2166 1940 2231 aridumque
1965 2164 2102 2229 esse)
2123 2165 2552 2215 animadvertisse
2572 2164 2725 2213 Pria-

1647 2245 1784 2280 mum
1818 2231 2007 2280 iratiun
2039 2230 2199 2280 verba
2240 2230 2385 2280 uncis
2428 2229 2637 2278 inclusa
2668 2230 2723 2277 in

1648 2301 1849 2346 textum
1871 2294 2071 2345 adduco
2089 2309 2155 2344 ex
2172 2294 2275 2344 fide
2294 2293 2505 2345 Codicis
2517 2293 2724 2343 Sidnei-

1649 2359 1803 2420 ensis,
1830 2360 1882 2408 in
1900 2359 2133 2409 Africam
2157 2366 2478 2409 maturantes
2503 2357 2724 2407 veniunt

1646 2424 1682 2476 J.
1699 2428 1763 2474 22
1796 2423 1895 2474 iter
1913 2439 2137 2489 pergere
2152 2424 2185 2476 J
2203 2429 2269 2474 79
2299 2423 2515 2473 insidias
2529 2422 2728 2473 consuli

1650 2488 1695 2539 C
1711 2492 1775 2538 32
1797 2490 2074 2540 Catilinam
2096 2492 2335 2553 persequi
2361 2488 2403 2538 C
2428 2492 2496 2538 36
2518 2494 2723 2537 mature

1649 2551 1792 2603 facto
1818 2569 1945 2617 opus
1968 2554 2013 2605 C
2049 2559 2072 2603 1
2100 2555 2255 2619 hique
2293 2561 2501 2602 mature
2527 2550 2725 2617 oppida

1648 2617 1877 2668 habuere
1917 2619 1951 2669 J
2001 2624 2061 2669 18
2108 2618 2245 2683 regis
2285 2618 2539 2667 mandata
2576 2632 2724 2666 exse·

1651 2683 1827 2747 quitur
1842 2682 1875 2733 J
1891 2687 1951 2732 35
2005 2683 2287 2747 perituram
2307 2684 2339 2735 J
2361 2687 2422 2732 35
2493 2689 2551 2732 et
2566 2680 2721 2743 infra,

1651 2747 1774 2796 satis
1796 2755 1995 2798 mature
2034 2748 2179 2797 illum
2201 2762 2316 2798 eum
2352 2747 2459 2796 filio
2483 2762 2579 2796 suo
2602 2761 2719 2796 con-

1652 2814 1874 2862 sulatum
1897 2814 2179 2877 petiturum
2212 2812 2246 2864 J
2264 2816 2330 2861 64
2386 2810 2440 2860 id
2467 2811 2601 2862 adeo
2622 2826 2725 2861 ma·

1655 2884 1770 2927 ture
1814 2892 1963 2940 posse
2006 2879 2218 2927 evenire
2259 2878 2300 2925 si
2344 2874 2487 2924 foret
2521 2875 2557 2927 J
2590 2880 2654 2926 65
2682 2876 2726 2926 si

1652 2942 1971 3006 singillatim,
2003 2949 2093 2993 aiut
2120 2957 2214 3006 pro
2239 2940 2603 3004 magnitudine
2638 2955 2725 3005 pa·

1655 3022 1763 3056 rem
1786 3007 2057 3067 disserere,
2082 3015 2283 3071 tempus
2306 3021 2459 3072 qnam
2503 3021 2589 3055 res
2620 3019 2726 3055 ma·

1655 3071 1820 3121 tutius
1877 3071 2090 3122 deserat
2139 3073 2172 3124 J
2238 3075 2304 3121 42
2392 3085 2557 3135 perge
2624 3085 2731 3135 qna

1654 3136 1857 3199 coepisti
1902 3146 1960 3187 ut
1999 3152 2153 3203 quam
2192 3135 2495 3186 maturrime
2541 3135 2734 3192 merita

1655 3201 1886 3251 invenias
1910 3203 1953 3252 F
1974 3207 2089 3266 284,
2103 3207 2136 3252 6

1719 3267 1982 3316 Maxima:
2038 3281 2254 3332 quarum
2284 3266 2517 3315 maxima
2555 3280 2726 3314 rerum

1656 3331 1966 3381 documenta
1997 3333 2113 3381 haze
2150 3330 2314 3382 babeo
2338 3331 2381 3379 C
2404 3335 2439 3380 9
2507 3331 2731 3380 necessi,-

1656 3395 1784 3445 tudo
1806 3405 1860 3445 et
1877 3397 2148 3458 plurimum
2168 3395 2397 3444 audaciai
2418 3395 2463 3444 C
2487 3400 2550 3444 17
2615 3409 2729 3458 spe,

1656 3461 1805 3509 malis
1826 3459 2055 3509 moribus
2101 3461 2145 3510 C
2184 3464 2244 3509 37
2312 3458 2562 3508 fiduciam
2592 3460 2733 3521 parit

1657 3524 1700 3574 F
1721 3529 1838 3589 278,
1858 3530 1892 3574 6
1957 3525 2009 3574 in
2034 3540 2179 3588 spem
2201 3523 2478 3573 maximam
2514 3523 2735 3572 adducti

1660 3587 1702 3638 C
1723 3594 1791 3640 40
1854 3589 1905 3638 in
1927 3588 2134 3639 fortuna
2155 3589 2365 3638 minima
2401 3589 2622 3638 licentia
2645 3599 2727 3638 est

1658 3655 1701 3706 C
1724 3659 1785 3706 51
1857 3655 2008 3717 longe
2042 3654 2263 3704 maxima
2305 3654 2469 3702 virtus
2512 3651 2617 3703 fluit
2638 3654 2672 3704 J
2696 3657 2732 3702 9

1657 3736 1755 3783 ope
1778 3719 1870 3769 niti
1895 3720 1926 3771 J
1954 3724 2011 3770 14
2078 3720 2227 3783 copia
2242 3716 2457 3767 fallendi
2474 3724 2596 3767 erat
2614 3718 2648 3770 J
2668 3722 2735 3767 61

1658 3787 2017 3833 cummaxime.
2038 3799 2163 3834 cura
2199 3784 2363 3832 ultum
2403 3783 2479 3830 ire
2520 3782 2737 3848 injurias

1659 3848 1875 3898 festinat
1897 3850 1930 3901 J
1950 3853 2016 3901 68
2085 3850 2159 3898 vis
2182 3845 2371 3898 utrium
2396 3845 2597 3897 effecta
2615 3848 2653 3899 J
2668 3851 2737 3897 91.

1660 3914 1991 3964 turbamenta
2048 3915 2207 3978 Reip2
2255 3921 2414 3978 atque
2467 3913 2640 3962 exitia
2692 3911 2739 3961 F.

1659 3982 1773 4040 279,
1794 3983 1825 4028 4
1876 3979 2081 4028 urbium
2103 3979 2143 4028 F
2158 3981 2273 4040 316,
2288 3983 2319 4028 8
2369 3976 2556 4042 quibus
2580 3977 2739 4026 vietis

1659 4044 1822 4108 spolia
1845 4045 2069 4093 maxima
2102 4053 2241 4106 suut,
2285 4042 2543 4092 acerrima
2566 4042 2624 4092 in
2645 4055 2739 4092 eos

1660 4123 1802 4158 arma
1844 4109 1995 4168 Rom.
2032 4107 2232 4158 babent
2272 4108 2315 4158 1²*
2354 4110 2475 4168 316,
2511 4112 2572 4157 11
2656 4107 2735 4157 vis

1660 4174 1823 4223 multo
1862 4175 2085 4223 maxima
2131 4175 2184 4221 in
2224 4172 2379 4236 plebe
2424 4171 2469 4220 P
2512 4173 2633 4232 351,
2666 4163 2737 4220 21

1660 4235 1877 4354 goriam
1924 4239 1983 4289 in
2022 4239 2246 4288 maximo
2282 4235 2505 4312 imperio
2542 4244 2735 4301 putare

1722 4306 1762 4353 2
1777 4317 1877 4368 per
1894 4302 2172 4372 maximam
2193 4302 2480 4354 amicitiam
2500 4299 2735 4370 παίεις
