2984 4892
467 399 556 465 22
1382 446 1387 455 .
1479 404 1660 473 vlu

466 560 777 627 Romana
813 581 930 645 per
963 559 1309 626 ‘duodecim
1340 580 1545 628 annos
1572 564 1922 645 gestannn,
1970 562 2122 628 ante
2151 560 2390 648 Lepidi
2421 565 2666 631 tumul-

463 671 640 746 tum3
686 683 962 748 quorum
992 663 1337 729 duodecim
1365 683 1680 731 annorum
1709 664 1966 730 initium
1993 665 2262 730 fecerim
2293 665 2555 733 circiter
2576 669 2668 733 ab

464 784 639 831 anno
671 764 757 829 U.
782 764 861 829 C.
896 779 1241 844 Dchmn„
1293 785 1425 849 quo
1465 766 1711 850 bellum
1743 764 2111 831 Marsicum
2141 767 2546 846 inchoatum,
2575 770 2664 834 ab

465 887 549 934 eo
590 869 762 933 enim
813 873 1129 951 tempore,
1180 886 1390 951 usque
1440 865 1525 930 ad
1573 868 1939 931 erm-emam
1978 867 2394 933 Dictaturam
2434 869 2665 955 Syllae,

464 969 818 1036 duodecim
850 970 1115 1034 circiter
1144 968 1296 1033 anui
1323 969 1672 1032 fluxerunt.
1764 967 1984 1033 Multa
2011 976 2227 1035 autem
2257 972 2668 1037 inveniuntur

462 1072 824 1155 fragmenta
850 1071 1175 1151 Sallustii,
1197 1090 1285 1135 ex
1311 1071 1551 1154 quibus
1581 1071 1788 1154 liquet
1816 1090 1967 1141 eum
1993 1092 2102 1135 res
2132 1091 2175 1135 a
2200 1071 2389 1157 Sylla
2415 1081 2666 1157 gestae,

461 1174 844 1258 scripsisse3
892 1194 1043 1260 quae
1073 1194 1157 1239 ea
1182 1173 1503 1257 temporis
1534 1173 2022 1257 intercapedine
2042 1175 2495 1239 continentur.·
2561 1193 2667 1241 ιν.

464 1275 725 1347 Bellum
782 1278 1141 1360 scripserat
1196 1276 1666 1355 Sertorianum,
1724 1275 1903 1360 quod
1948 1281 2244 1359 coeperat
2296 1277 2423 1341 sub
2468 1276 2668 1342 finem

462 1378 624 1455 vjtae
655 1377 884 1463 Syllae,
925 1378 1361 1462 proximeque
1393 1377 1742 1442 duodecim
1779 1397 1986 1442 annos
2012 1384 2407 1444 memoratos
2436 1399 2671 1444 conse-

462 1481 821 1563 quebatur3
896 1479 1205 1547 Metellus
1259 1480 1432 1543 enim
1478 1480 1548 1542 in
1596 1478 1999 1563 Hispaniam
2046 1485 2273 1544 contra
2302 1474 2669 1546 Sertorium

463 1581 708 1647 missus
753 1589 854 1647 est
909 1600 1084 1646 anno
1137 1578 1226 1644 U.
1269 1578 1349 1644 C.
1398 1596 1773 1645 ncnxx1V.
1834 1581 1951 1664 qui
1986 1581 2351 1648 duodecim
2404 1584 2669 1648 illorum

463 1701 777 1759 annorum
807 1684 1073 1749 ultimus
1111 1684 1261 1749 fuit.
1352 1683 1427 1747 Si
1476 1702 1566 1750 ea
1611 1683 1922 1747 Historia
1968 1684 2055 1748 ad
2103 1691 2410 1768 receptas
2454 1705 2669 1771 usque

467 1784 841 1869 Hispanias
871 1793 1177 1870 pertexta
1203 1792 1331 1866 est,
1374 1785 1556 1870 quod
1587 1785 1898 1850 credibile
1926 1786 2207 1864 videtur,
2237 1786 2551 1870 pertinuit
2575 1784 2669 1849 ad

461 1906 707 1955 anuum
762 1906 1139 1954 ncnxxxl.
1185 1909 1338 1954 nam
1366 1908 1447 1953 eo
1475 1889 1739 1953 demum
1768 1908 1963 1966 anno,
1991 1890 2240 1954 occisis
2270 1889 2568 1954 Sertorio
2596 1894 2673 1954 et

462 1987 835 2073 Perpemia,
866 1998 1122 2075 pacatae
1155 1993 1309 2057 suut
1340 1991 1716 2075 Hispaniae.

490 2138 501 2145 -
548 2091 734 2157 Hinc
758 2094 1079 2171 videmus,
1098 2094 1407 2180 quamvis
1426 2093 1784 2158 Sallustius
1806 2094 2084 2178 carptim
2103 2093 2485 2177 scripsisset
2504 2091 2672 2157 His-

462 2193 704 2258 teriam
758 2194 1154 2273 Romanam,
1205 2216 1326 2261 nec
1368 2195 1679 2260 continua
1729 2202 2091 2280 temporum
2138 2194 2309 2260 serie
2354 2194 2670 2259 lucubra-

464 2295 676 2359 tiones
695 2316 857 2361 suas
884 2297 1227 2376 edidisset,
1252 2317 1340 2362 ex
1362 2297 1572 2361 tribus
1591 2301 1926 2379 postremo
1947 2297 2330 2361 memoratis
2353 2296 2670 2379 operibus

463 2398 762 2481 potuisse
818 2400 1083 2464 contexi
1142 2400 1403 2465 circiter
1460 2398 1834 2464 octodecim
1880 2390 2196 2464 annorum
2249 2398 2669 2477 Historiam3

465 2518 619 2582 quae
665 2502 913 2564 utinam
939 2520 1097 2565 sane
1122 2501 1410 2567 extaret!
1504 2500 1893 2583 Fragmenta
1920 2501 2093 2565 euim
2122 2500 2272 2585 ejus
2302 2501 2482 2563 sitim
2509 2518 2670 2565 uos·

464 2608 631 2669 tram
679 2604 997 2681 excitant,
1043 2623 1175 2667 non
1226 2605 1656 2686 restinguunt.
1746 2603 1847 2666 Hi
1898 2610 2120 2667 autem
2148 2603 2321 2680 libri,
2363 2601 2672 2685 quamvis

464 2705 554 2773 ab
599 2710 867 2769 auctore
923 2725 1003 2770 eo
1048 2705 1302 2783 ordine,
1360 2725 1554 2790 quem
1587 2710 1906 2795 memorat
1936 2704 2301 2780 AusoniuS,
2350 2702 2533 2780 editi,
2563 2702 2669 2766 vi-

465 2804 700 2871 dentur
745 2812 982 2889 postea
1031 2827 1074 2871 a
1115 2805 1589 2891 Grammaticis
1618 2808 1687 2870 in
1713 2806 2009 2871 ordinem
2037 2805 2362 2889 quendam
2391 2803 2669 2882 redacti,

462 2913 540 2975 ut
565 2928 652 2972 ex
679 2909 895 2975 tribus
924 2909 1238 2993 operibus
1264 2929 1397 2975 una
1420 2910 1810 2975 conflaretur
1835 2909 2162 2986 Historia,
2186 2909 2498 2992 Librique
2518 2906 2670 2992 ejus

463 3016 781 3095 perpetuo
819 3012 1049 3076 ordine
1077 3033 1118 3076 a
1145 3015 1356 3097 primo
1386 3012 1473 3076 ad
1502 3011 1806 3077 ultimum
1835 3010 2268 3089 decurrerent,
2300 3007 2671 3075 commodi-

462 3131 673 3195 usque
717 3113 801 3176 ad
851 3115 1295 3185 testimouium
1348 3114 1716 3177 citarentur.
1822 3110 2100 3177 Asinius
2131 3112 2373 3189 Pollio,
2400 3111 2471 3174 in
2500 3104 2670 3174 libi-o

466 3234 600 3297 quo
657 3214 960 3279 Sallustii
1015 3216 1269 3299 scripta
1322 3213 1840 3298 reprehenderat,
1903 3220 1978 3279 ut
2032 3213 2239 3279 nimia
2293 3215 2669 3298 priscorum

461 3318 812 3381 verborum
858 3316 1270 3382 affectatione
1320 3316 1553 3391 oblita,
1602 3314 1923 3393 tradebat,
1977 3318 1996 3350 ‘
2021 3314 2102 3380 In
2130 3334 2278 3379 eam
2305 3335 2443 3379 rem
2474 3313 2666 3397 adju-

464 3419 705 3484 torium
735 3419 797 3482 ei
826 3419 1069 3483 fecisse
1097 3419 1389 3483 maxime
1439 3418 1768 3501 quendam
1817 3415 2112 3483 Atteium
2163 3406 2666 3493 Praetextatum,

462 3520 751 3586 nobilem
784 3520 1299 3586 Grammaticum
1343 3519 1686 3597 Latinum,
1723 3519 2230 3585 declamantium
2281 3517 2513 3585 deinde
2548 3517 2669 3582 ad-

454 3624 741 3709 jutorem
790 3630 986 3708 atque
1015 3622 1535 3708 praeceptorem?
1617 3621 1730 3688 Ab
1775 3623 1900 3687 hoc
1947 3623 2170 3687 aiebat
2212 3625 2234 3655 ‘
2254 3621 2668 3699 Sallustium,

466 3726 841 3792 Historiam
898 3727 1186 3791 scribere
1242 3746 1647 3810 aggressum,
1713 3725 2044 3791 breviario
2101 3743 2314 3789 rerum
2370 3723 2667 3788 omnium

464 3827 941 3906 Romanarum,
962 3847 1049 3894 ex
1066 3830 1310 3912 quibus
1328 3849 1498 3914 quas
1514 3829 1710 3893 vellet
1725 3828 2008 3911 eligeret,
2032 3829 2421 3892 instructum
2436 3825 2669 3903 fuisse,

463 3932 865 4016 antiquaque
894 3932 957 3996 ei
989 3932 1192 3996 verba
1217 3939 1284 3998 et
1318 3933 1565 4016 figuras
1606 3932 1875 3996 solitum
1920 3949 2074 3995 eum
2122 3949 2268 3994 esse
2318 3925 2669 4012 colligere?

462 4032 745 4101 Videtur
803 4035 1292 4101 Grammaticus
1342 4054 1474 4099 non
1529 4033 1836 4118 ignobilis
1891 4051 1974 4097 ea
2027 4033 2094 4101 in
2147 4052 2218 4096 re
2275 4031 2531 4114 ingenio
2583 4049 2666 4095 ac

464 4124 1111 4203 voluntati‘Sallustii
1139 4136 1547 4220 gratificatus
1570 4154 1743 4214 esse,
1766 4135 1989 4218 potius
2014 4155 2215 4219 quam
2242 4153 2432 4198 suum
2453 4132 2670 4216 ipsius

457 4238 785 4323 judicium
814 4246 1121 4325 secutus3
1163 4260 1321 4309 nam
1348 4241 1419 4306 in
1447 4239 1807 4326 praeceptis
1837 4236 2217 4305 Rhetoricis
2240 4237 2327 4302 ad
2357 4233 2667 4301 Asinium
