2984 4892
490 691 1054 812 NOTAE
1168 687 2245 813 VARIORUM

1335 1021 1414 1066 IN

688 1259 1143 1344 BELLUM
1201 1259 1910 1340 CATILINARIU
1917 1261 2044 1338 M.

321 1811 378 1860 C.
404 1807 654 1876 8111111111]
718 1811 954 1866 Patricia
994 1821 1149 1881 gente
1186 1814 1323 1866 Cris·

256 1896 351 1948 pus
405 1887 680 1938 Sallustius
741 1891 922 1943 Romae
975 1902 1149 1958 natus,
1204 1899 1325 1958 post

256 1962 440 2027 Remp.
498 1963 640 2014 civili
694 1965 955 2017 discordia
1008 1983 1323 2034 concussam,

254 2053 369 2089 cnm
394 2039 541 2090 nulla
572 2041 710 2093 illius
731 2043 1149 2096 administrandae
1188 2048 1322 2098 ratio

256 2112 402 2164 honis
423 2126 724 2181 superesset
746 2120 984 2185 amplius,
1005 2136 1061 2171 se
1095 2121 1162 2171 ad
1199 2122 1322 2173 scri·

248 2185 410 2242 bendi
425 2192 599 2243 ocium
618 2195 856 2245 contulit.
922 2196 984 2246 In
1009 2213 1112 2263 quo
1131 2213 1321 2264 genere

248 2269 590 2332 (Quintiliani
616 2270 840 2335 judicio,
876 2273 963 2338 qui
985 2288 1102 2323 eum
1124 2275 1319 2341 Thucy-

250 2345 383 2410 didi,
398 2346 455 2396 in
478 2346 697 2398 historia
717 2350 1139 2414 eminentissimo,
1159 2367 1322 2417 oppo-

250 2422 378 2489 suit)
429 2425 753 2489 praecipuam
790 2426 928 2478 iuter
961 2442 1071 2492 eos,
1113 2428 1200 2493 qui
1239 2443 1322 2479 res

248 2500 517 2552 Romanas
554 2502 820 2554 literarum
856 2508 1197 2558 monumentis
1221 2515 1324 2559 tra·

248 2577 451 2644 didere,
473 2586 557 2630 est
579 2581 784 2633 laudem
802 2583 1046 2648 adeptus.
1113 2586 1322 2636 Etenim

246 2671 347 2721 quo
380 2657 722 2722 Thucydides
743 2666 825 2709 est
846 2659 1121 2712 Herodoto
1143 2664 1321 2728 major,

245 2732 328 2781 cni
370 2734 619 2784 secundm
659 2735 957 2787 tribuuntur
999 2745 1212 2803 partes3
1258 2755 1319 2791 eo

244 2817 395 2859 certe
439 2809 528 2859 hic
567 2817 744 2861 noster
782 2813 929 2864 Livio
969 2816 1320 2881 praestantior,

242 2899 403 2950 quem
430 2885 709 2937 Herodoto
740 2888 825 2938 ille
865 2896 1151 2954 comparat.
1218 2892 1320 2943 Ac-

241 2962 391 3013 cedit
407 2969 464 3013 et
498 2963 759 3016 Martialis
783 2966 1107 3018 urbanissimi
1134 2968 1319 3020 Poetae

240 3056 490 3093 carmen:
516 3043 533 3070 ⁴
548 3042 653 3093 Hic
675 3044 798 3109 erit,
819 3053 878 3095 111
900 3045 1180 3110 perhibent
1204 3048 1322 3097 doc-

242 3127 418 3171 torum
443 3119 609 3171 corda
630 3121 878 3185 virorum,
904 3123 1108 3176 Primus
1134 3124 1319 3174 Roma-

238 3213 307 3247 na
330 3198 560 3262 Crispus
582 3198 635 3248 in
658 3198 906 3251 historia?
947 3200 1070 3250 Vult.

303 3275 555 3326 Βιιιωι
583 3275 1037 3340 emmunim]
1104 3275 1188 3327 Ita
1210 3279 1318 3329 No-

238 3349 359 3401 nius
386 3349 609 3414 triginta
642 3351 863 3415 amplius
888 3353 1015 3402 locis
1040 3351 1315 3418 indigitat:

236 3440 542 3492 quanquam
580 3427 817 3493 plerique
857 3429 971 3478 libri
1014 3436 1220 3482 veteres
1263 3437 1320 3482 et

234 3504 481 3553 nonnulli
522 3503 676 3554 etiam
710 3505 842 3555 Mss.
870 3505 1081 3557 titulum
1102 3505 1176 3557 111
1196 3523 1317 3559 cou-

231 3579 474 3647 cipiunt:
510 3581 573 3629 de
617 3581 955 3641 Cmm‘utione
1003 3583 1229 3633 catilina
1269 3588 1317 3633 et

227 3656 519 3717 danda.
570 3655 862 3721 Utrumque
885 3655 1094 3708 defendi
1118 3666 1314 3722 potest:

226 3745 353 3782 nans
398 3739 459 3782 et
481 3732 773 3808 conjuratio
808 3735 979 3799 aliquo
1016 3734 1170 3784 modo
1211 3737 1317 3786 bel-

226 3809 341 3858 lun
365 3807 479 3859 dici
515 3815 712 3872 potest,
745 3810 1036 3873 praesertim
1076 3811 1205 3875 haec,
1229 3812 1316 3861 ubi

224 3882 448 3934 infestis
480 3884 643 3949 signis
667 3884 721 3933 in
754 3891 941 3947 aperto
974 3901 1159 3952 campo
1183 3902 1316 3952 proe-

224 3961 363 4012 lin-
405 3974 617 4025 quoque
638 3958 744 4010 fuit
762 3964 1105 4012 commissum.
1173 3964 1318 4013 Alio-

221 4037 322 4108 qui
366 4037 597 4087 militem
641 4052 674 4087 a
716 4036 1004 4102 conjuratis
1049 4046 1193 4089 recte
1237 4054 1314 4089 se-

212 4114 419 4181 junxit
457 4114 633 4164 livius
672 4114 765 4163 lib.
797 4127 926 4165 xnv.
969 4129 1085 4164 111111
1121 4115 1313 4165 milites

220 4199 383 4256 sunt,
422 4192 512 4256 qui
552 4197 880 4242 sacrmento
926 4191 1171 4241 dixerunt
1212 4194 1317 4243 sin-

216 4271 339 4335 guli
360 4287 382 4332 ς
422 4269 698 4334 conjurati,
734 4269 826 4335 qni
867 4283 972 4320 una
993 4269 1145 4320 simul
1168 4270 1317 4336 jura-

1404 1821 1547 1868 runt.
1583 1815 1792 1867 Colerus.

1470 1895 1607 1945 Car.
1635 1900 1682 1945 1.
1717 1892 1920 1944 *amneio
1939 1891 2163 1955 homines,
2182 1889 2262 1956 qai
2282 1885 2471 1940 studeat

1401 1984 1502 2020 me
1531 1975 1765 2034 prestare
1800 1971 1968 2020 ceteris
2004 1963 2344 2032 animantibus]
2406 1963 2473 2017 ln

1402 2049 1770 2113 manuscriptis
1795 2047 2013 2113 aliisque
2045 2046 2263 2096 vetustis
2286 2051 2369 2095 est
2391 2058 2472 2095 or·

1402 2123 1471 2175 do
1492 2124 1770 2175 verborum
1805 2124 2123 2184 immutatus,
2149 2113 2229 2186 qui
2250 2135 2349 2171 sese
2371 2123 2474 2170 stu·

1399 2204 1514 2253 dent
1529 2207 1781 2268 proesture.
1805 2216 1921 2266 pro,
1941 2200 2022 2265 qui
2036 2201 2152 2249 dmut
2172 2201 2475 2263 operamus

1398 2285 1624 2344 prestent
1647 2280 1741 2345 ipsi
1769 2284 1817 2329 et
1842 2277 2144 2328 antecellant.
2209 2274 2274 2325 Id
2307 2273 2474 2323 lenius

1402 2361 1457 2406 et
1478 2370 1718 2421 asperum
1752 2354 1919 2404 minus
1957 2367 2071 2402 esse
2111 2350 2338 2413 videtur,
2371 2362 2471 2398 nec

1404 2432 1558 2482 aliter
1579 2448 1610 2481 a
1634 2430 1898 2482 veteribus
1921 2427 2134 2490 citatur,
2158 2427 2304 2476 velut
2326 2423 2472 2474 Pris-

1403 2507 1556 2558 ciano
1579 2507 1667 2559 lib.
1690 2522 1788 2558 vn.
1824 2522 1925 2573 quo
1944 2507 2057 2556 loco
2079 2504 2145 2554 de
2169 2500 2470 2553 accusativo

1404 2585 1579 2636 tertiae
1601 2583 1962 2634 declinationis
1985 2582 2113 2646 agit,
2147 2579 2238 2631 ubi
2259 2587 2316 2629 et
2354 2579 2469 2628 0111·

1398 2661 1475 2710 m‘s
1509 2661 1591 2711 hic
1614 2660 1888 2726 legendum
1912 2674 2029 2708 esse
2062 2658 2234 2718 docet,
2257 2670 2353 2720 pro
2374 2671 2473 2706 om·

1399 2751 1498 2787 nes.
1551 2735 1897 2786 Terentianus
1920 2733 2236 2797 diphthongo
2255 2750 2294 2780 ει
2316 2729 2474 2781 scribi

1400 2813 1516 2863 vult
1536 2812 1587 2861 in
1615 2810 1820 2875 plurali,
1854 2825 1971 2859 cum
2001 2810 2118 2871 hoc,
2154 2814 2264 2858 tum
2287 2806 2475 2857 similia

1401 2889 1626 2950 nomina,
1644 2887 1902 2952 quomodo
1939 2884 2047 2935 sere
2083 2891 2140 2934 et
2174 2885 2226 2933 in
2253 2883 2472 2936 vetustis

1400 2965 1823 3030 inscriptionibus
1847 2963 2122 3027 reperitur.
2188 2961 2308 3012 Jam
2331 2959 2471 3026 quod

1403 3041 1470 3092 ad
1505 3040 1751 3106 loquendi
1793 3039 2043 3090 rationem
2081 3036 2294 3100 attinet,
2331 3036 2474 3087 norit

1400 3120 1571 3169 lector
1593 3125 1650 3168 et
1673 3118 1970 3168 Ciceronem
2009 3114 2189 3165 eodem
2222 3113 2375 3165 modo
2396 3113 2475 3164 lo·

1401 3204 1611 3246 cutum:
1663 3209 1781 3244 nam
1807 3207 1874 3243 11.
1917 3191 2258 3243 officiorum:
2307 3192 2323 3220 ‘
2344 3191 2475 3243 Gra·

1399 3278 1510 3323 tum
1549 3288 1605 3323 se
1646 3272 1810 3322 videri
1852 3270 2061 3335 studet‚’
2107 3270 2304 3336 inquit:
2339 3268 2471 3320 etin

1399 3350 1636 3401 Eunuchi
1677 3351 1890 3415 prologo
1930 3348 2146 3398 Terent.
2182 3347 2322 3399 ‘Qui
2361 3348 2472 3412 pla·

1400 3441 1520 3476 cere
1535 3442 1590 3477 se
1613 3427 1825 3478 studeat
1844 3425 1991 3476 bonis
2016 3442 2170 3492 quam
2195 3423 2472 3490 plurimis:

1399 3504 1506 3554 Ubi
1530 3504 1736 3555 interim
1757 3503 1937 3567 miror,
1962 3502 2089 3570 quid
2125 3502 2224 3553 sibi
2260 3502 2471 3568 quidam

1397 3580 1582 3644 velint,
1621 3581 1709 3646 qui
1749 3587 1803 3630 et
1840 3580 2030 3631 omisso
2075 3581 2365 3630 accusativo
2400 3594 2471 3642 se,

1399 3670 1602 3705 versum
1625 3663 1865 3705 constare
1890 3655 2234 3718 arbitrentur,
2254 3655 2307 3704 id
2329 3653 2470 3721 qnod

1399 3747 1548 3783 secus
1572 3733 1747 3796 habet,
1771 3740 1827 3783 et
1847 3733 1914 3783 ab
1939 3733 2200 3783 imitatore
2225 3732 2470 3799 quopiam

1398 3824 1682 3874 pronomen
1722 3809 2041 3875 adscriptum
2081 3816 2287 3874 putent,
2327 3805 2467 3874 quod

1354 3927 1357 3930 ,
1397 3886 1494 3935 hoc
1527 3886 1681 3937 modo
1713 3887 1991 3937 Sallustius
2024 3886 2266 3937 Catilinae
2308 3885 2470 3934 histo-

1397 3963 1528 4013 riam
1550 3963 1811 4013 ordiatur:
1847 3962 1993 4027 quasi
2017 3976 2141 4011 vero
2161 3975 2263 4010 non
2283 3959 2469 4010 eodem

1395 4040 1549 4090 modo
1566 4041 1654 4106 sit,
1671 4041 1746 4090 ita
1762 4041 1839 4090 uti
1859 4038 2193 4100 ostendimus,
2208 4043 2265 4086 et
2284 4037 2472 4088 Cicero

1395 4117 1512 4182 ipse
1536 4119 1756 4168 locutus.
1824 4117 1926 4166 Sed
1949 4124 2005 4165 et
2035 4115 2162 4164 alias
2191 4112 2466 4163 Terentius

1393 4193 1529 4244 haud
1554 4194 1783 4245 dissimili
1804 4193 1956 4243 modo
1980 4190 2224 4256 loquitur,
2243 4188 2390 4238 velut
2412 4188 2470 4241 in

1397 4271 1681 4323 Eunucho:
1715 4272 1732 4299 ‘
1753 4272 1851 4321 Est
1882 4283 2047 4338 genus
2080 4268 2357 4335 hominum,
2377 4268 2471 4336 qul
