2984 4892
488 372 560 438 vi

492 544 645 598 quam
668 529 912 581 dintuma
934 531 977 580 F
998 533 1117 592 8⁴2,
1137 533 1168 579 8

561 596 787 658 Imperio
809 596 1030 645 maximo
1048 595 1268 645 maxima
1282 595 1415 645 inest
1435 610 1564 645 cura

482 652 539 711 Ῥ
562 664 680 723 324,
704 665 767 710 2³

559 724 840 840 Irgperium
881 725 1068 791 quibus
1103 725 1303 775 artibus
1338 727 1566 777 retinea-

495 796 582 842 tur
668 796 699 840 2

492 921 537 972 F
561 855 785 918 Incepta
809 870 969 919 prava
992 856 1371 906 consultoribus
1409 870 1570 905 noxae

558 924 676 983 aso,
698 925 729 970 2

562 986 731 1036 Indici
798 985 1172 1050 conjurationis
1250 986 1563 1036 Catilinariae

498 1058 1023 1179 ⁹¹?.¹¹5¹.?.{:}2³glt::{:
1045 1051 1228 1191 333.
1257 1115 1299 1163 F
1341 1118 1458 1178 8⁵8,
1501 1119 1566 1165 26

568 1180 845 1246 Ingenium
894 1185 1111 1244 praestat
1134 1179 1325 1229 viribus
1349 1181 1392 1230 C
1418 1186 1443 1230 1
1513 1181 1565 1229 in

498 1245 638 1296 bollo
685 1246 956 1310 plurimum
996 1252 1171 1310 potest
1210 1249 1241 1294 2
1330 1245 1569 1295 secordia

500 1311 753 1375 torpescit
797 1310 830 1363 J
874 1315 901 1360 1
987 1325 1225 1373 magnum
1271 1323 1352 1359 res
1384 1325 1569 1375 parvas

499 1377 761 1439 attingere
786 1375 966 1451 nequit
987 1376 1026 1423 F
1052 1380 1168 1439 345,
1194 1379 1255 1424 19

565 1440 780 1505 Injuriae
803 1455 989 1505 cuique
1013 1455 1119 1491 sua».
1143 1454 1327 1505 graves
1350 1440 1392 1490 C
1416 1444 1475 1489 51

565 1506 818 1556 In'uriam
873 1503 1065 1569 facere,
1116 1520 1310 1555 summo
1351 1504 1568 1569 imperio

501 1571 581 1621 nti
659 1575 719 1620 sl

567 1635 819 1686 Instituta
853 1642 1034 1685 vetera
1056 1635 1317 1700 corruptis
1339 1634 1571 1685 moribus

502 1700 731 1751 ludibrio
754 1707 877 1750 sunt
898 1701 941 1750 F
963 1704 1080 1761 344,
1102 1705 1134 1750 2

568 1765 924 1830 Interrogare,
967 1780 1063 1830 pro
1105 1766 1157 1814 in
1179 1764 1437 1830 judicium
1482 1779 1570 1815 vo·

501 1845 625 1883 care
650 1831 692 1881 C
711 1835 770 1881 sl

569 1895 777 1946 Invidia
798 1910 863 1946 ex
883 1894 1149 1972 opulentia
1172 1895 1337 1945 oritur
1360 1894 1404 1943 C
1425 1898 1459 1944 6

570 1961 779 2011 Invidia
803 1962 1018 2025 gloriam
1044 1960 1280 2025 sequitur
1299 1959 1333 2010 J
1358 1965 1420 2008 55

570 2026 830 2076 Invidiam
872 2025 1035 2091 gloria
1074 2026 1287 2075 vincere
1329 2022 1572 2075 difficilli-

504 2105 646 2141 mum
668 2091 701 2144 J
729 2096 791 2141 10

573 2156 664 2206 Ira
685 2164 844 2221 atque
885 2154 1077 2220 cupido
1111 2155 1433 2206 consultores
1457 2169 1576 2219 pes·

510 2220 625 2272 simi
647 2222 689 2272 C
711 2227 774 2272 51

572 2286 852 2336 Iracundia
898 2285 1036 2350 apud
1083 2286 1224 2346 alios,
1262 2285 1314 2335 in
1359 2285 1579 2350 imperio

503 2367 563 2402 su
602 2350 745 2402 erbla
768 2352 811 2402 C
833 2356 893 2401 51

608 2416 744 2466 taliae
770 2416 987 2465 vastitas
1005 2430 1071 2465 ex
1099 2414 1234 2465 bello
1255 2414 1401 2466 civili
1423 2416 1458 2467 J
1482 2421 1514 2465 5

574 2480 696 2531 Itali
721 2478 967 2544 suffragia
984 2479 1228 2530 ferebant
1247 2480 1283 2532 J
1307 2484 1373 2531 40

570 2546 736 2597 Italos
758 2560 948 2595 necare
963 2545 1164 2607 judicio
1184 2546 1328 2610 leges
1368 2544 1582 2611 permit·

510 2610 695 2662 tebant
721 2610 763 2660 C
788 2616 851 2661 51
873 2611 908 2662 J
933 2613 998 2659 89

573 2676 798 2729 Judiciis
832 2675 1035 2726 acerbis
1057 2674 1244 2727 civitas
1280 2674 1443 2740 magis
1469 2688 1582 2723 vas-

512 2750 676 2805 tatur,
698 2756 851 2806 quam
876 2740 1154 2803 corrigitur
1176 2740 1218 2789 F
1240 2743 1355 2805 845,
1376 2745 1407 2789 8

576 2807 838 2870 Jugurtba
873 2806 1039 2871 qualis
1070 2805 1103 2858 J
1137 2810 1187 2868 0,
1213 2809 1263 2869 9,
1303 2811 1357 2854 et
1393 2810 1452 2854 15
1505 2803 1582 2867 ip·

511 2872 639 2935 sius,
661 2871 1002 2923 Numidarum
1033 2870 1171 2935 regis
1213 2869 1405 2919 bellum
1445 2883 1584 2934 mag-

510 2952 652 3001 num,
703 2944 874 2995 atrox,
928 2936 1073 2986 varia
1115 2934 1338 2985 victoria
1381 2940 1409 2984 5
1456 2940 1512 2984 ct
1550 2938 1586 2983 0

510 3002 888 3053 Mastanabalis
954 3000 1089 3051 filius
1156 3015 1219 3049 ex
1276 2998 1585 3062 concubina,

511 3067 804 3118 Masinissae
823 3081 985 3132 nepos
999 3073 1030 3116 5
1099 3080 1131 3114 a
1149 3065 1375 3130 Micipsa
1392 3073 1584 3130 patruo

511 3132 606 3182 filii
629 3133 745 3183 loco
788 3132 1012 3195 habitus,
1056 3129 1182 3181 ibid.
1265 3131 1380 3195 ejus
1404 3144 1585 3195 genus,

511 3211 700 3262 mores,
741 3197 913 3247 studia
953 3204 1009 3246 et
1049 3195 1309 3259 ingenium
1343 3200 1377 3245 6
1441 3194 1587 3244 auxi·

513 3261 633 3312 liari
665 3261 929 3312 exercitui
962 3259 1244 3327 praefectns
1285 3264 1315 3311 7
1398 3259 1588 3325 quibus

513 3327 831 3391 conjecturis
856 3341 1071 3392 reguum
1096 3324 1194 3375 sibi
1225 3325 1532 3391 polliceatur
1555 3329 1585 3374 8

513 3392 762 3443 Romanis
807 3395 1013 3441 cai-uso
1077 3390 1331 3455 Scipioni,
1370 3405 1463 3455 pro
1505 3396 1587 3439 ter

513 3457 785 3520 virtutem,
859 3456 1019 3506 lacuit
1039 3460 1071 3505 7
1139 3470 1170 3505 a
1189 3455 1435 3520 Scipione
1499 3469 1586 3505 au-

514 3521 670 3572 datur
690 3526 724 3571 9
769 3535 800 3571 a
837 3528 1050 3586 optatur
1070 3534 1104 3570 a
1120 3520 1362 3585 Micipsa,
1382 3520 1509 3570 ibid.
1533 3526 1590 3570 et

516 3591 579 3639 14
646 3587 885 3651 Micipsa?
930 3587 1144 3637 decreta
1177 3584 1402 3637 rescindi
1440 3599 1591 3661 opor-

512 3661 627 3703 tere
645 3651 914 3703 contendit
937 3657 996 3702 ll
1066 3652 1176 3716 ejus
1196 3651 1289 3711 ira,
1312 3659 1368 3700 et
1387 3649 1590 3700 insidia

514 3718 568 3769 in
614 3717 973 3782 Hiempsalem
1012 3720 1075 3766 12
1143 3716 1400 3766 Romanos
1438 3714 1591 3780 largi-

515 3783 650 3833 endo
710 3782 899 3848 fatigat
939 3786 1001 3832 18
1101 3795 1276 3847 pugna
1320 3779 1592 3830 Adherba-

512 3848 616 3897 lem
634 3849 814 3910 vincit,
858 3846 1106 3898 Numidia
1126 3847 1349 3911 potitur,
1387 3846 1590 3910 legatos

514 3912 729 3962 Romam
767 3912 932 3963 mittit
970 3915 1032 3962 14
1097 3918 1376 3962 excusatur
1400 3926 1432 3961 a
1454 3912 1592 3975 lega-

515 3976 583 4026 tis
625 3982 687 4027 15
754 3975 1112 4039 largitionibus
1146 3968 1411 4027 meliorem
1448 3975 1592 4040 regni

517 4048 722 4105 partem
777 4044 993 4093 sortitus
1049 4048 1131 4092 est
1175 4045 1237 4092 10
1326 4041 1592 4106 Opimium

516 4108 835 4222 xis-{gam
848 4104 975 4157 ibid.
1049 4105 1532 4222 Cir·t⁸md·⁴ib;‹i)delt
1527 4109 1588 4218 {1

880 4186 1099 4236 regnum
1135 4187 1256 4222 mva
1295 4186 1309 4221 ι
1576 4194 1593 4207 ·

518 4235 786 4288 berbalem
814 4236 979 4287 vincit
999 4240 1062 4288 21
1129 4236 1290 4302 ipsius
1312 4242 1370 4287 et
1390 4233 1595 4285 Adher-

1633 1244 1878 1296 ⁷Romana
1900 1246 2045 1311 capit
2065 1250 2128 1296 37
2150 1252 2205 1295 ct
2227 1249 2292 1295 88

1484 384 1733 436 nmssx

1637 528 1768 578 halis
1804 543 1918 579 com
1958 527 2141 591 aratio,
2164 526 2293 578 ibid.
2336 528 2485 579 Cirta
2511 528 2717 593 potitur

1635 599 1701 644 26
1767 594 1820 643 in
1857 594 1900 644 A
1976 594 2162 644 erbalis
2183 594 2374 644 amicos
2400 610 2462 644 ac
2497 595 2712 659 propin·

1639 674 1767 725 quos
1790 658 2069 709 crudelitas
2105 665 2163 709 1⁴
2230 675 2330 725 qua
2371 668 2563 724 potens
2597 675 2714 724 gra-

1641 725 1716 774 tia
1754 734 1810 776 et
1852 725 2130 789 largitione
2166 728 2229 774 29
2295 726 2590 775 soevitiaffi
2653 723 2713 773 fi·

1640 789 1762 838 lium
1785 790 1994 839 Romam
2019 790 2180 839 mittit
2212 796 2277 839 28
2343 804 2462 840 cnm
2488 791 2551 840 1..
2591 790 2712 839 ess-

1639 856 1716 903 sio
1761 855 1975 904 Romam
2007 855 2150 905 venit
2173 859 2236 904 ³3
2303 854 2546 905 Baebium
2593 854 2715 904 trib.

1642 920 1714 983 pl.
1739 921 2044 984 corrumpit,
2061 919 2188 969 ibid.
2252 934 2479 984 praesens
2499 934 2532 968 a
2551 920 2716 971 Mem·

1641 986 1744 1033 mio
1765 986 1831 1034 ad
1855 986 2098 1049 populum
2122 992 2419 1047 accusatur,
2438 984 2574 1034 ibid.
2611 984 2718 1034 Ita·

1643 1050 1713 1099 lia
1746 1049 2004 1100 decedere
2040 1050 2216 1114 jussus
2260 1054 2324 1100 85
2391 1052 2508 1114 ejus
2557 1049 2716 1098 vades

1644 1115 2035 1180 quinquaginta,
2056 1115 2182 1165 ibid.
2229 1130 2345 1165 cum
2367 1114 2528 1177 Aulo,
2542 1114 2718 1164 Albini

1644 1181 1872 1230 consulis
1917 1180 2100 1242 fratre,
2139 1179 2307 1230 fedus
2350 1179 2504 1242 facit,
2541 1190 2721 1229 castra

2355 1244 2555 1309 peritia
2577 1245 2631 1293 in
2663 1258 2719 1293 re

1644 1310 1854 1359 militari
1877 1315 1943 1361 46
2009 1311 2120 1374 ejus
2158 1311 2318 1375 legati
2341 1312 2407 1360 ad
2434 1310 2716 1360 Metellum

1646 1376 1996 1491 supplicaggm
2014 1372 2720 1489 missi-,tibidkgdhortatiqu

1643 1455 1748 1490 mii
1775 1455 1831 1490 es
2028 1455 2166 1490 vinei
2197 1456 2258 1489 ur
2455 1454 2636 1489 exeret

1646 1505 1901 1570 funditur,
1935 1504 2062 1554 ibid.
2130 1505 2372 1569 pabulum
2399 1510 2464 1554 et
2523 1518 2714 1569 aquam

1647 1570 1934 1635 corrumpit
1955 1576 2017 1620 55
2047 1566 2357 1619 Bomilcaris
2380 1568 2591 1634 perfida
2609 1584 2719 1618 sua·

1648 1636 1793 1686 sione
1823 1635 2139 1685 deditionem
2164 1634 2294 1685 facit
2324 1640 2386 1684 61
2413 1641 2470 1684 et
2492 1640 2563 1684 62
2633 1636 2720 1683 im·

1646 1708 1830 1766 perata
1852 1700 1949 1750 sibi
1971 1716 2001 1750 a
2037 1701 2258 1751 Metello
2280 1700 2403 1749 nihil
2427 1708 2728 1758 cunctatus,

1645 1766 1966 1881 {xseqlpitun
1980 1765 2105 1816 ibid.
2141 1766 2331 1815 bellum
2343 1766 2585 1880 resuanig,
2597 1764 2727 1879 iubid.

1698 1846 1791 1882 occ
1831 1847 1915 1882 um
1951 1846 2007 1880 re
2044 1845 2126 1880 em
2215 1846 2398 1881 nerum
2422 1846 2453 1880 a
2565 1845 2598 1879 e
2639 1844 2722 1879 um

1648 1898 1934 1948 Romanum
1990 1846 2257 1960 egompgltlit
2297 1901 2356 1945 81
2451 1896 2571 1960 ejus
2621 1894 2726 1945 filia

1647 1962 1846 2013 Bocchi
1894 1962 2030 2026 regis
2088 1977 2217 2011 uxor
2261 1966 2326 2010 80
2407 1961 2722 2011 exercitum

1650 2028 1975 2077 Gaetulorum
1998 2027 2049 2076 in
2074 2041 2229 2076 unum
2251 2041 2313 2076 co
2352 2026 2414 2085 ·t,
2436 2026 2572 2075 ibid.
2606 2025 2724 2075 Gae·

1651 2092 1787 2144 tulos
1809 2092 1962 2142 armis
1994 2090 2320 2154 assuefacit‚i
2360 2090 2436 2141 id.
2503 2091 2726 2141 aMario

1652 2157 1804 2207 armis
1847 2165 2061 2207 exsutus
2098 2161 2164 2205 90
2229 2157 2414 2206 occisis
2456 2157 2726 2232 equitibus

1651 2224 1740 2272 vix
1759 2223 1937 2286 erupit
1951 2227 2043 2272 101
2112 2222 2250 2285 apud
2270 2222 2610 2272 Numantiam
2634 2222 2726 2270 La·

1655 2289 1817 2339 tinam
1840 2288 2068 2351 linguam
2108 2286 2316 2349 didicit,
2350 2287 2480 2335 ibid.
2551 2286 2727 2336 condi·

1655 2353 1823 2404 tiones
1846 2353 2054 2418 quidem
2083 2351 2298 2416 accipit,
2339 2351 2514 2401 Mario
2556 2360 2728 2401 tamen

1655 2416 1846 2469 diffidit
1885 2422 1980 2469 112
2045 2424 2216 2468 mutat
2257 2416 2480 2466 subindc.
2519 2417 2728 2467 eubicu-

1654 2484 1758 2533 lum
1781 2490 1964 2533 contra
2001 2482 2209 2533 insidias
2230 2485 2294 2531 72
2360 2481 2608 2546 proditur
2631 2483 2728 2530 Ro-

1654 2548 2209 2598 manisaBoecbollss
2276 2547 2484 2597 vinctus
2503 2545 2728 2597 traditur

1654 2613 1837 2679 Syllae,
1875 2613 2003 2664 ibid.

1721 2679 1783 2730 C.
1828 2678 2000 2731 Julius
2042 2679 2098 2728 in
2136 2675 2384 2741 Apuliam
2431 2693 2464 2727 a
2505 2675 2733 2728 Catilina

1660 2744 1968 2794 mittiturffl

1720 2808 1906 2861 Juuius
1940 2809 2143 2858 Silanus
2184 2806 2501 2857 sententiam
2534 2806 2728 2873 primns

1782 2878 1948 2924 tuslw

1759 2954 1818 2989 us
1858 2937 2108 3003 gentium,
2156 2946 2211 2989 et
2269 2952 2480 3005 aequum
2525 2938 2734 2998 bonum,

1657 3003 1992 3070 diversa‚85·

1656 2888 1714 2924 ΤΟ

2174 3193 2223 3245 1.

1727 3317 2103 3370 Lacedaemonii
2144 3318 2196 3368 in
2235 3316 2449 3367 Graecia
2484 3315 2631 3366 bella
2654 3330 2738 3380 ge·

1662 3400 1778 3435 rere
1821 3385 1969 3450 primi
2016 3390 2290 3445 coeperunt
2332 3381 2377 3431 C
2399 3385 2434 3430 2
2522 3380 2742 3437 Atheni·

1662 3465 1810 3500 enses
1836 3451 2007 3500 vicere
2026 3448 2070 3495 C
2091 3453 2154 3499 51

1728 3515 1898 3577 Laris,
1921 3528 1992 3579 op
2031 3514 2170 3563 idum
2195 3509 2458 3562 Numidiae
2480 3510 2516 3562 J
2540 3514 2611 3561 90

1729 3581 1904 3630 Latini
1928 3596 1952 3630 s
2033 3578 2182 3644 ragia
2203 3576 2445 3627 ferebant
2464 3576 2501 3628 J
2522 3580 2594 3625 40

1731 3646 1916 3722 Legati
1939 3642 2254 3696 Adherbalis
2295 3642 2362 3691 ad
2395 3641 2736 3705 Jugurtbam,

1666 3710 1731 3760 de
1755 3710 1956 3775 injuriis
1979 3716 2257 3776 querentes
2278 3706 2313 3757 J
2336 3709 2401 3755 2⁰

1733 3776 1921 3840 Legati
1937 3774 2135 3825 Bocchi
2157 3788 2188 3822 a
2225 3770 2486 3835 Jugurtha
2506 3783 2736 3820 eorrum-

1667 3847 1862 3905 puntur
1899 3840 1936 3892 J
1963 3844 2057 3890 1⁰2
2146 3854 2179 3888 a
2224 3835 2446 3886 Getulis
2510 3834 2736 3900 spoliati,

1665 3906 1857 3970 pavidi,
1880 3905 1992 3955 sine
2024 3903 2212 3954 decore
2236 3900 2301 3950 ad
2323 3901 2522 3966 Syllam
2562 3897 2735 3964 profu·

1701 3972 1811 4020 ‘unt
1837 3974 1930 4021 103

1666 3987 1914 4101 ⁸¹Iaegati
1933 4034 1996 4085 C.
2018 4031 2202 4085 Manlii
2240 4030 2307 4081 ad
2350 4031 2454 4084 Qu.
2476 4028 2734 4080 Marcium

1667 4103 1798 4154 C„
1877 4164 1916 4216 ti
1962 4180 1995 4215 a
2033 4162 2297 4229 Jugurtba
2340 4160 2406 4212 ad
2453 4158 2726 4212 Metellum

1666 4231 2019 4299 supplicatum
2033 4227 2176 4281 missi
2198 4228 2234 4280 J
2258 4231 2324 4279 40
