2984 4892
1188 465 1274 514 ΒΤ
1320 466 1693 518 cm'rlcus.
1756 483 1809 504 ··

318 615 439 675 327,
455 614 488 660 8
552 623 666 675 quae
690 608 880 658 indidit
901 608 1084 659 sceleri
1103 623 1195 660 suo
1215 611 1256 660 F
1270 614 1385 672 278,

323 681 390 727 16
476 687 649 725 rerum
702 675 768 724 ad
823 675 1077 738 ignaviam
1126 682 1384 725 mutantes

320 742 484 791 otium
527 754 621 803 pro
645 741 856 789 servitio
891 740 1170 804 appelletis
1209 741 1249 790 F
1271 745 1386 802 303,

327 811 388 855 12
455 820 865 869 unumquemque
897 807 1163 856 nominans
1206 808 1384 870 appel-

319 871 414 928 lat,
452 872 705 932 hortatur,
745 886 802 919 ro
841 878 897 920 nt
931 872 972 920 C
1018 875 1083 921 59
1167 873 1243 920 uti
1292 885 1386 933 per

319 936 547 986 indicem
588 935 765 986 Coesar
825 937 933 986 also
967 937 1318 986 nominaretur
1342 937 1384 985 C

319 1006 388 1050 49
453 1002 666 1052 honeste
708 1002 956 1050 nominari
989 1002 1030 1050 F
1052 1006 1168 1064 355,
1198 1005 1262 1051 26
1329 1000 1385 1050 Ιί-

323 1074 464 1115 teras
502 1066 599 1115 sibi
637 1067 839 1115 nomine
879 1067 1119 1116 Catilinae
1155 1066 1385 1115 redditas

322 1132 368 1180 C
399 1135 467 1180 34
534 1132 630 1181 boc
665 1131 867 1181 nomine
903 1131 992 1196 (ea
1026 1132 1205 1194 causa)
1243 1132 1286 1180 C
1322 1136 1382 1180 35

364 1196 490 1244 lebis
529 1197 732 1246 nomine
772 1196 1146 1246 dominationes
1180 1194 1387 1246 affecta·

322 1211 454 1310 flant
470 1261 523 1326 ‘F
543 1266 659 1326 273,
700 1266 756 1310 15
826 1262 1094 1312 decernite
1117 1262 1277 1325 digna
1299 1276 1385 1310 no-

325 1326 482 1387 mine,
518 1329 615 1376 dcc.
665 1328 704 1375 F
743 1331 860 1388 285,
900 1331 934 1376 9
1023 1327 1284 1376 Neronem
1330 1333 1387 1377 et

323 1391 554 1440 Drusum
600 1392 861 1456 privignos
907 1392 1251 1456 imperatoriis
1294 1406 1384 1441 no-

321 1456 546 1505 minibus
564 1457 726 1506 auxit.
756 1457 922 1506 Tacit.
942 1457 1160 1519 Αιι.ἱ,3.
1204 1457 1385 1506 urbem

320 1522 639 1585 amplissimo
676 1522 880 1572 nomine
927 1524 967 1572 1³·
1005 1526 1122 1586 359,
1157 1526 1228 1580 27,
1289 1523 1388 1571 Ro-

319 1601 476 1637 mano
532 1586 912 1638 infestissimam
969 1596 1178 1652 gentem
1234 1587 1277 1636 C
1321 1592 1385 1638 52

320 1665 574 1701 memores
607 1653 822 1702 nominis
858 1652 1072 1701 Romani
1109 1653 1142 1704 J
1162 1657 1229 1702 58
1295 1652 1384 1702 im-

322 1716 525 1779 perium
572 1718 693 1767 satis
739 1719 1007 1782 qua-situm
1049 1717 1240 1767 nomini
1282 1732 1386 1767 ma·

307 1783 490 1845 jorum
516 1782 555 1830 F
576 1786 693 1844 279,
716 1787 748 1831 8
814 1798 882 1832 aes
905 1783 1127 1832 alienum
1150 1783 1275 1832 meis
1298 1798 1386 1832 no·

320 1846 545 1896 minibus
598 1862 665 1897 ex
734 1848 1133 1912 possessionibus
1186 1848 1385 1897 solvere

323 1925 529 1976 possem
587 1912 630 1961 C
679 1917 739 1961 35
824 1913 1050 1962 honestis
1096 1913 1385 1962 nominibus

324 1977 510 2039 Remp.
528 1977 796 2041 agitavere
814 1980 855 2027 C
871 1982 933 2026 38
987 1978 1237 2027 sanctitas
1256 1977 1386 2042 regii

325 2041 546 2091 nominis
571 2043 611 2090 F
634 2047 748 2102 330,
771 2047 801 2092 7

389 2107 510 2157 Non
529 2106 630 2157 fuit
652 2107 921 2157 consilinm
941 2108 1182 2158 secordia
1198 2108 1385 2157 bonum

291 2223 296 2228 ,
319 2172 484 2221 otium
507 2179 784 2222 conterere
807 2174 848 2222 C
872 2178 904 2222 4
951 2185 1052 2222 non
1071 2172 1385 2223 Consulibus

321 2237 478 2286 modo
518 2236 608 2287 sed
656 2238 700 2287 C
734 2242 796 2286 18
861 2253 962 2288 non
1008 2253 1109 2303 quo
1147 2238 1384 2287 conscius

321 2309 463 2350 esset
484 2301 574 2351 sed
607 2303 651 2352 C
674 2306 736 2351 3-1
804 2317 926 2366 non,
965 2305 1089 2368 quin
1116 2318 1317 2367 possem
1341 2304 1384 2353 C

324 2370 388 2416 35
456 2381 559 2416 non
599 2368 674 2416 ita
710 2373 805 2417 est.
839 2367 914 2432 (iu
954 2367 1204 2432 princip.)
1239 2369 1282 2417 C
1320 2372 1384 2417 54

322 2431 389 2480 ad
415 2430 646 2495 indignos
671 2439 726 2482 et
748 2446 852 2481 non
876 2433 1090 2483 idoneos
1116 2434 1158 2483 C
1180 2438 1240 2482 51
1309 2433 1386 2482 in-

324 2503 428 2560 ter,
465 2511 565 2545 non
604 2497 842 2563 (verbum
878 2513 996 2547 cum
1037 2514 1139 2563 quo
1173 2499 1226 2547 in
1265 2512 1386 2548 con·

323 2560 613 2612 structione
633 2563 877 2626 jungitur
899 2564 1000 2612 tria
1021 2563 1295 2628 aliquando
1319 2563 1385 2612 ad

325 2626 586 2675 minimum
620 2628 777 2676 verba
809 2627 991 2677 inserit
1012 2628 1217 2693 mictor)
1256 2628 1299 2677 C
1322 2633 1386 2676 58

321 2691 358 2742 J
384 2695 448 2740 94
495 2691 528 2742 J
550 2696 612 2741 33
648 2697 703 2742 et
723 2692 757 2742 J
781 2697 844 2742 54
879 2695 884 2702 ’
910 2707 998 2741 eos
1036 2707 1138 2742 non
1177 2693 1386 2756 paulum

325 2763 597 2807 arrexerat
632 2758 867 2807 oratione
903 2758 936 2809 J
968 2761 1030 2805 84
1098 2772 1214 2807 cum
1248 2757 1387 2805 mille

328 2835 430 2872 non
463 2822 679 2885 amplius
715 2822 973 2886 equitibus
1010 2822 1043 2872 J
1071 2827 1163 2872 105
1232 2827 1315 2871 ter
1334 2822 1388 2871 in

325 2886 511 2936 eadem
544 2887 804 2938 sententia
841 2889 880 2936 F
900 2892 1016 2946 350,
1037 2891 1071 2936 6
1121 2889 1164 2937 F
1186 2890 1300 2950 356,
1324 2891 1387 2936 32

326 2950 381 3000 in
404 2951 438 3002 J
465 2958 554 3001 ant
579 2953 621 3002 C
643 2967 745 3002 non
768 2952 1027 3002 invenitur

397 3014 592 3066 Nostra
630 3018 795 3066 omnis
835 3017 912 3066 vis
948 3018 991 3066 C
1022 3023 1046 3066 1
1114 3016 1388 3081 studiaque

325 3080 504 3130 omnia
541 3090 717 3132 nostra
758 3082 793 3134 J
838 3086 870 3130 2
948 3082 1194 3131 memoris
1238 3081 1282 3130 C
1323 3086 1384 3130 51

323 3161 426 3260 ξω·
453 3154 630 3197 nostra
658 3160 877 3211 corpora
907 3147 1095 3197 bellum
1132 3145 1391 3197 conficere

393 3214 591 3273 315‚1s

398 3276 548 3326 Nova
585 3273 818 3339 diruunt,
855 3276 956 3327 alia
978 3275 1240 3326 aedificnnt
1261 3277 1305 3326 C
1326 3280 1391 3325 20

328 3347 514 3390 vetere
547 3355 683 3390 nova
717 3342 760 3391 C
783 3346 844 3391 37
912 3340 1114 3392 foedera
1151 3341 1391 3405 accipere

327 3405 364 3457 J
395 3409 456 3454 14
524 3406 575 3454 in
592 3405 855 3456 deditione
874 3405 1045 3457 officia
1059 3407 1394 3457 intenderant

328 3470 364 3522 J
389 3475 453 3519 75
520 3471 840 3521 munimenta
877 3473 919 3521 F
941 3477 1055 3534 296,
1091 3476 1153 3521 12
1220 3479 1393 3535 aestas,

329 3533 528 3599 adulta,
550 3549 783 3600 praeceps
809 3538 851 3586 F
886 3541 1001 3601 335,
1023 3541 1084 3586 13
1152 3551 1236 3586 res
1270 3536 1304 3588 J
1328 3541 1394 3586 66

329 3598 533 3649 tabulas
558 3601 788 3664 polliceri
827 3602 949 3652 021
1020 3615 1101 3650 res
1131 3601 1395 3651 veteribus

328 3663 555 3729 acquirit
607 3666 648 3714 F
701 3670 816 3729 344,
861 3672 921 3716 11
1012 3666 1240 3716 homines
1283 3665 1316 3718 J
1361 3669 1395 3714 4

328 3730 523 3781 milites
559 3730 594 3782 J
617 3735 681 3781 87
747 3731 944 3782 civibus
978 3731 1021 3779 F
1044 3735 1158 3793 352,
1184 3735 1242 3780 10
1309 3745 1397 3780 no-

333 3794 496 3845 vitate
517 3795 726 3845 sceleris
749 3804 801 3846 et
826 3796 1045 3859 periculi
1066 3795 1396 3845 memorabile

329 3857 538 3909 facinus
560 3860 603 3909 C
625 3865 657 3909 4
710 3860 858 3924 virg.
881 3861 952 3911 iii.
975 3861 1089 3911 Ecl.
1110 3865 1189 3909 18.
1225 3860 1396 3909 ΡοΙΙίο

331 3929 389 3973 et
410 3924 520 3987 ipse
554 3922 681 3974 fscit
716 3939 854 3976 nova
878 3925 1131 3986 earmina,
1173 3927 1206 3974 i.
1228 3941 1274 3977 e.
1309 3925 1395 3975 ad-

332 3988 582 4040 miranda.
617 3990 725 4040 Cic.
765 3990 820 4052 ii,
850 3990 915 4040 de
941 3992 1081 4053 Lege
1104 3989 1288 4054 Agr-ar.
1312 3994 1394 4039 88.

329 4053 439 4104 Res
462 4068 596 4104 nova
629 4061 684 4106 et
718 4055 1054 4106 admirabilis.
1093 4056 1226 4106 mira
1254 4056 1395 4104 novi-

334 4128 434 4167 tas.
481 4119 638 4169 ovid.
661 4120 792 4170 Met.
817 4124 896 4184 15,
915 4125 995 4170 82.
1031 4122 1299 4184 perculsus
1320 4120 1396 4170 rei

330 4182 586 4234 novitate.
628 4185 741 4234 Cic.
779 4185 848 4234 de
891 4184 1067 4234 Divin.
1106 4190 1219 4235 194.
1275 4199 1395 4234 con·

331 4255 574 4298 temnunt
596 4250 884 4300 novitatem
918 4263 1084 4299 meam
1121 4250 1154 4301 J
1177 4255 1241 4300 88
1306 4264 1396 4299 no-

332 4311 517 4363 vandis
541 4312 711 4363 dubiis
728 4314 880 4365 rebus
901 4328 1022 4378 spes
1058 4314 1234 4364 oblata
1265 4316 1310 4363 (ἶ
1330 4317 1397 4365 39

332 4383 393 4431 et
434 4375 476 4430 F
508 4382 623 4445 332,
658 4384 722 4432 24
789 4393 855 4432 ne
876 4378 1000 4450 qnid
1020 4393 1084 4430 eo
1105 4379 1278 4447 spatio
1311 4393 1397 4431 no·

2338 451 2524 520 esurii

1461 616 1673 661 varetur
1717 610 1760 660 C
1793 615 1853 660 55
1921 615 1978 660 et
2020 609 2272 675 Hegesip.
2321 611 2426 661 Sed
2473 611 2519 660 si

1460 689 1653 726 novare
1677 675 1850 740 aliqua
1881 681 2164 726 tentarent.
2189 677 2265 725 sic
2291 676 2392 725 Ms.
2417 690 2521 726 non

1463 748 1522 790 nt
1545 741 1694 804 editi,
1709 749 1979 790 navarent.
1999 741 2212 803 Josepb.
2238 741 2417 806 Antiq.
2443 746 2527 806 14,

1465 810 1542 855 17.
1613 807 1666 855 ἐκ
1708 807 1796 854 τοῦ
1848 805 2134 869 νεωτερίζειν
2178 804 2353 855 ἐλπίσι.
2423 820 2526 871 qno

1461 885 1636 932 seusu,
1683 872 1891 934 sequior
1936 881 2063 920 aetas
2108 886 2234 921 voce
2291 871 2527 921 novitate

1462 951 1584 985 usus
1622 944 1716 986 est.
1760 936 1993 986 Macrob.
2032 937 2140 985 Sat.
2180 942 2228 985 7.
2265 937 2306 985 C
2342 941 2387 986 1.
2439 936 2521 985 Ex

1461 1001 1550 1050 ina
1594 1001 1855 1051 discordia
1896 1001 2222 1065 sperantibus
2275 1002 2325 1049 in
2371 1001 2525 1051 domo

1463 1067 1726 1130 regnantis
1749 1067 1889 1116 nasci
1912 1081 2065 1129 posse
2084 1066 2386 1116 novitatem.
2422 1080 2524 1130 quo

1461 1132 1576 1180 loco
1595 1132 1846 1184 Sarisber.
1868 1146 1978 1195 pro,
1996 1132 2132 1180 intra
2146 1145 2202 1180 sc
2224 1132 2523 1196 quiescente

1465 1197 1572 1244 veri
1593 1196 1801 1246 notione
1828 1197 1970 1258 legit,
2003 1197 2140 1245 inter
2161 1210 2216 1243 se
2238 1196 2525 1259 quaestione

1461 1262 1777 1324 migrabunt.
1811 1277 1927 1326 pro,
1957 1261 2330 1321 Demodocum,
2369 1261 2524 1324 Poly·

1464 1327 1723 1391 phemurm
1763 1342 1874 1391 pro,
1908 1334 2102 1390 aptam,
2140 1327 2370 1375 amicam.
2412 1339 2528 1388 pro,

1461 1392 1729 1452 consortii,
1782 1391 2020 1441 convivii.
2064 1389 2414 1441 defensionem
2470 1389 2525 1438 in

1464 1458 1680 1506 consilio
1700 1472 1831 1507 novo
1856 1472 1958 1505 uon
1992 1455 2152 1505 statui
2177 1470 2360 1519 parere
2394 1456 2437 1504 C
2457 1459 2519 1506 35

1463 1521 1776 1585 Imperatori
1820 1522 1853 1572 J
1894 1525 1955 1570 44
2023 1521 2210 1570 itinere
2256 1522 2445 1582 12293,
2488 1524 2519 1571 3

1462 1588 1651 1636 anticos
1688 1586 1963 1650 anquirant
2020 1586 2052 1637 J
2100 1590 2158 1633 13
2264 1594 2433 1634 motus
2480 1585 2522 1634 F

1461 1656 1580 1713 338,
1617 1656 1673 1700 11
1743 1651 2011 1700 consilium
2050 1650 2282 1713 approbo
2314 1652 2357 1699 C
2380 1654 2441 1698 51
2468 1656 2525 1699 et

1464 1717 1507 1766 C
1551 1720 1614 1765 53
1703 1732 1769 1766 ne
1825 1716 2012 1765 omisso
2066 1723 2248 1764 vetere
2305 1714 2520 1766 consilio

1459 1796 1648 1830 novum
1671 1781 2007 1846 conquireret
2041 1781 2072 1831 J
2100 1785 2165 1829 70
2232 1794 2390 1840 genus
2415 1793 2522 1842 ραι-

1461 1862 1542 1895 nae
1576 1846 1857 1895 decernere
1910 1848 1951 1896 C
1983 1850 2040 1894 51
2138 1846 2324 1893 bellum
2364 1858 2522 1906 exop-

1463 1912 1608 1961 tabat
1631 1912 1717 1961 ubi
1741 1912 1904 1960 virtus
1943 1911 2232 1960 enitescere
2271 1914 2446 1972 posset
2480 1909 2523 1957 C

1460 1981 1524 2025 54
1593 1992 1700 2026 ver.
1738 1985 1793 2026 et
1831 1976 2081 2025 adultum.
2122 1981 2176 2023 et
2209 1987 2445 2037 praeeeps
2480 1973 2523 2023 F

1461 2046 1578 2106 335,
1621 2046 1683 2090 12
1765 2041 1925 2090 hostis
1966 2041 1997 2091 J
2046 2045 2110 2088 82
2176 2039 2438 2087 exercitus
2483 2038 2525 2089 F

1460 2110 1575 2169 285,
1605 2112 1665 2156 10
1743 2105 2036 2166 novissime,
2069 2103 2313 2154 memoria
2350 2109 2527 2152 nostra

1461 2173 1505 2221 C
1528 2176 1590 2221 33
1615 2170 2006 2221 etnovissimeJ
2031 2175 2091 2218 19
2155 2170 2384 2218 omnium
2405 2181 2527 2216 con-

1459 2236 1694 2286 siliorum
1739 2236 1838 2287 nisi
1882 2234 2144 2285 novissimi
2187 2235 2450 2297 particeps
2488 2233 2523 2285 J

1529 2367 1649 2417 Nox
1670 2370 1829 2432 atque
1864 2364 2043 2429 praeda
2067 2371 2324 2413 remorata
2347 2368 2467 2412 suut
2487 2362 2522 2414 J

1462 2435 1527 2481 38
1565 2429 1571 2442 ”
1612 2446 1711 2480 nox
1752 2432 1858 2480 ulla
1901 2430 2081 2494 quieta
2118 2430 2149 2480 J
2198 2433 2262 2477 72
2356 2441 2524 2492 neque

1461 2511 1564 2545 nox
1582 2510 1751 2561 neque
1768 2495 1881 2545 dies
1903 2509 2081 2545 curam
2098 2493 2250 2544 animi
2269 2493 2530 2542 sedaverit

1531 2597 1795 2676 Noi’tnrum
1835 2632 1979 2675 metu
2021 2625 2231 2688 angitur
2268 2621 2528 2672 animusF

1463 2695 1580 2752 283,
1605 2697 1631 2740 1
1701 2704 1857 2754 prava
1904 2691 2113 2754 incepta
2149 2687 2528 2740 consultoribus

1464 2771 1614 2804 noxae
1637 2770 1748 2804 esse
1786 2755 1827 2803 F
1854 2760 1969 2816 280,
1997 2759 2026 2803 3
2094 2753 2333 2802 nobilitas
2372 2751 2528 2800 noxia

1466 2829 1625 2885 atque
1648 2835 1711 2869 eo
1727 2820 1964 2882 perculsa
1983 2819 2020 2870 J
2043 2822 2108 2867 42
2173 2815 2335 2866 factio
2352 2815 2529 2866 noxio·

1468 2900 1582 2935 rum
1606 2886 1648 2933 F
1668 2889 1785 2948 300,
1803 2889 1866 2933 16
1934 2882 2247 2933 vindicatum
2266 2881 2317 2930 in
2343 2881 2525 2931 noxios

1535 3013 1690 3064 Nuda
1710 3012 2029 3078 gignentium
2051 3012 2169 3060 loca
2187 3010 2221 3060 J
2240 3015 2307 3060 79
2353 3016 2411 3061 et
2433 3023 2530 3060 cae·

1465 3095 1583 3131 cum
1607 3094 1796 3142 corpus
1834 3077 1899 3127 ad
1925 3079 2095 3126 hostes
2123 3082 2326 3125 vertere
2359 3074 2394 3126 J
2437 3077 2529 3123 107

1465 3159 1561 3195 cur
1584 3144 1775 3193 inertes
1814 3151 1963 3206 terga
2006 3141 2212 3191 nudatis
2248 3139 2436 3189 Boeth.
2461 3137 2575 3201 iv,*

1466 3215 1518 3260 7.
1584 3209 1673 3259 ubi
1719 3207 2031 3258 membranae
2085 3207 2148 3256 Β.
2196 3204 2329 3254 Pub.
2375 3205 2531 3253 Cant.

1465 3275 1758 3324 veterrimae
1782 3287 1894 3337 pro,
1929 3271 2134 3332 coeium,
2171 3271 2320 3319 coelo.
2357 3274 2430 3331 et,
2465 3267 2531 3317 si·

1467 3340 1597 3390 dera
1634 3339 1826 3401 domat,
1849 3352 1961 3402 pro,
1992 3336 2167 3386 donat.
2200 3333 2392 3384 nudum
2414 3348 2527 3384 cor-

1468 3421 1566 3470 pus
1605 3403 1744 3468 (pro,
1785 3402 2004 3462 inermo)
2042 3401 2076 3452 J
2103 3405 2196 3450 107
2264 3400 2429 3450 Dares
2468 3401 2531 3447 35

1467 3469 1649 3535 Ajacis
1669 3470 1805 3519 letus
1834 3468 2027 3518 nudum
2050 3465 2183 3530 figit.
2214 3465 2353 3515 unde
2376 3478 2534 3527 supra

1465 3534 1744 3599 legendum
1768 3539 1921 3598 patet
1950 3547 2066 3609 eum
2104 3531 2206 3581 Ms.
2249 3530 2534 3580 Sidneiens.

1467 3614 1719 3715 333?ss
1743 3596 2531 3728 3‡‡.23¹÷³12'3.2·2‘2{¹3.3203⁸2¹3¹‘·

1536 3731 1693 3780 Nulla
1710 3747 1723 3779 ε
1758 3726 2164 3778 satisfactionem
2183 3739 2251 3774 ex
2267 3724 2407 3772 nulls
2418 3736 2534 3772 con-

1469 3795 1687 3845 scientia
1710 3793 1777 3844 de
1815 3794 1969 3856 culpa
1991 3804 2284 3856 proponere
2322 3788 2535 3837 decrevi

1471 3861 1516 3910 C
1555 3863 1617 3908 35
1721 3859 1822 3907 alia
1858 3856 2006 3907 fuere
2047 3870 2162 3920 quae
2208 3852 2357 3903 nobis
2393 3851 2537 3901 nulla

1471 3931 1594 3974 sunt
1645 3923 1775 3989 (non
1811 3922 1957 3986 sunt)
2014 3921 2058 3971 C
2097 3924 2161 3969 52
2195 3927 2253 3968 et
2285 3919 2326 3967 F
2365 3920 2535 3979 276,6

1467 3990 1679 4040 Terent.
1717 3987 1946 4049 memini,
1986 3982 2388 4036 temetsinullus
2427 3995 2534 4031 mo·

1468 4069 1611 4105 neas.
1645 4053 1756 4104 Cic.
1797 4052 1963 4101 Attio.
1986 4050 2077 4111 xii,
2096 4053 2212 4100 230.
2278 4047 2400 4098 Non
2433 4060 2534 4110 quo

1461 4119 1572 4183 jam
1601 4119 1808 4168 adesset
1825 4116 1917 4167 sed
1954 4116 2071 4182 qnia
2093 4121 2238 4166 certe
2260 4111 2314 4161 id
2337 4116 2536 4177 ageret,

1471 4184 1536 4234 ab
1574 4183 1827 4248 armisque
1868 4182 2037 4231 nullus
2082 4177 2393 4228 discederet.
2459 4173 2537 4225 At

1470 4248 1593 4299 inde
1614 4249 1756 4298 nulla
1776 4246 1955 4311 requie
1996 4259 2142 4296 mora
2175 4241 2433 4309 processit
2468 4239 2537 4290 ad

1471 4313 1722 4391 oppidum
1740 4312 1782 4362 F
1803 4315 1920 4375 287,
1940 4315 2005 4360 20
2070 4307 2211 4360 absit
2252 4307 2535 4371 lebos‚&ct

1473 4379 1662 4446 quibus
1686 4378 1829 4430 nulla
1858 4391 1982 4443 pars
2006 4374 2208 4428 fructus
2229 4380 2313 4427 est
2351 4373 2394 4425 F
2416 4374 2532 4431 305.
