2984 4892
507 390 671 458 cxiv

508 552 616 604 iter
634 548 980 602 ostenditC²
1041 547 1270 600 munitas
1293 544 1565 595 urbac-1

507 618 797 680 bonumque
814 615 950 678 apud
968 626 1054 663 eos
1072 627 1173 662 non
1192 611 1389 666 letibus
1408 610 1570 670 magis

509 695 661 748 qnam
705 687 893 729 natura
935 678 1141 728 valebat
1186 678 1229 727 C
1269 680 1302 726 9
1387 683 1571 724 natura

510 760 637 810 gens
683 743 929 794 bellicosa
982 743 1027 794 C
1068 747 1136 794 40
1218 739 1370 790 ferox
1416 742 1459 789 C
1505 743 1569 789 48

491 804 1573 935 -ffiffiffix‘33323‘3‘3‘30ffl'z2'i‘200‘1'3223

511 940 644 990 ritur
677 939 746 990 de
777 947 962 989 natura
1044 954 1137 987 sua
1191 950 1351 1001 genus
1399 936 1575 986 buma-

510 1020 632 1055 num
664 1003 698 1056 J
722 1010 746 1054 1
829 999 929 1069 qino
972 1018 1138 1068 neque
1181 1002 1362 1052 melius
1406 1015 1575 1066 neque

511 1070 729 1135 amplius
773 1069 910 1119 aliud
956 1070 1009 1117 in
1061 1076 1247 1118 natura
1282 1066 1577 1120 mortalium

512 1133 799 1200 (ingenium
816 1133 950 1198 scil.)
970 1132 1004 1184 J
1028 1137 1060 1186 2
1103 1133 1402 1184 mortalium
1421 1130 1579 1182 avida

514 1199 719 1264 imperii
763 1199 798 1251 J
838 1205 872 1249 6
935 1197 1092 1249 finem
1128 1201 1248 1248 vitoe
1290 1195 1416 1248 facit
1452 1196 1487 1248 J
1515 1200 1577 1246 10

516 1264 586 1316 de
625 1275 812 1315 natura
852 1271 908 1314 et
951 1264 1134 1314 babitu
1173 1264 1399 1314 Scaurus
1439 1262 1474 1314 J
1512 1265 1577 1311 28

514 1338 691 1380 vastus
728 1328 923 1394 (mons)
962 1330 1027 1379 ab
1059 1337 1248 1378 natura
1269 1334 1324 1377 et
1358 1328 1578 1376 humano

518 1396 661 1446 cultu
706 1394 738 1446 J
783 1398 847 1444 48
914 1395 1015 1444 loci
1052 1394 1089 1445 J
1126 1399 1193 1444 49
1282 1392 1394 1457 pari
1438 1392 1578 1442 sinus

517 1456 714 1512 Africa!
754 1459 787 1510 J
811 1463 875 1509 78
942 1459 1008 1509 ad
1031 1461 1126 1509 hoc
1149 1464 1339 1509 natura
1370 1471 1581 1520 serpen-

519 1525 648 1576 tium
670 1524 782 1587 ipsa
806 1525 1113 1587 perniciosa,
1128 1524 1214 1574 siti
1239 1523 1403 1588 magis
1424 1536 1580 1599 quam

523 1589 626 1643 alia
646 1604 704 1637 re
739 1589 1041 1639 accenditur
1068 1589 1102 1639 J
1127 1593 1190 1640 89
1257 1595 1414 1638 aucta
1434 1602 1484 1636 in
1509 1587 1581 1636 al·

522 1654 822 1716 titudinem,

908 1669 973 1703 uo
1028 1662 1221 1704 cuncta
1260 1652 1580 1718 gignentium

520 1726 707 1770 natura
728 1717 832 1768 fert

928 1723 992 1769 98
1060 1718 1392 1768 considerate
1431 1731 1583 1782 quam

520 1799 770 1835 conversa
803 1799 972 1834 rerum
1014 1790 1199 1834 natura
1235 1783 1303 1832 sit
1339 1783 1380 1832 F
1403 1785 1521 1843 288,
1551 1785 1586 1831 8

521 1857 721 1899 naturae
767 1849 1028 1899 concessit
1059 1849 1094 1901 J
1121 1853 1183 1899 16
1259 1847 1431 1898 anima
1473 1860 1585 1897 ces-

522 1914 591 1966 sit
630 1915 671 1964 F
694 1918 809 1976 860,
846 1919 877 1964 8
944 1915 1051 1964 vita
1086 1922 1143 1964 et
1177 1929 1314 1963 mors
1342 1911 1467 1976 jura
1499 1927 1589 1961 na-

523 1985 656 2034 tnrae
695 1990 812 2029 sunt
844 1981 1021 2042 Fam,
1046 1983 1110 2029 18
1175 1976 1438 2043 profectus
1476 1976 1589 2042 qni·

522 2043 642 2095 dam
668 2045 821 2108 Ligus
840 2045 905 2094 ad
932 2044 1175 2110 requisita
1196 2051 1395 2094 naturae
1415 2041 1458 2092 F
1474 2045 1590 2104 829,

524 2113 586 2159 18
615 2167 620 2172 ,
653 2117 835 2160 contra
854 2116 1090 2159 naturam
1113 2123 1302 2175 corpus
1330 2107 1590 2171 voluptati

523 2174 696 2225 anima
734 2175 877 2225 oneri
915 2174 1018 2224 suit
1053 2174 1100 2224 C
1137 2179 1169 2224 2
1233 2173 1493 2238 Scipionis
1535 2180 1591 2222 et

522 2253 722 2290 morem
745 2240 969 2289 hostium
993 2239 1240 2303 cognovit
1270 2238 1304 2290 J
1326 2243 1357 2288 7
1421 2238 1621 2301 ipsam·

526 2304 715 2356 ceteris
739 2304 808 2358 im

882 2305 1139 2366 mantem,
1171 2303 1423 2355 industria
1451 2303 1589 2353 vice-

528 2376 609 2419 rat
630 2368 664 2420 J
688 2374 753 2419 76

883 2369 1124 2419 nefacere
1155 2370 1264 2433 jam
1288 2383 1356 2418 ex
1378 2382 1590 2422 consue-

529 2434 708 2485 tudine
734 2435 785 2483 in
807 2441 1040 2484 naturam
1066 2436 1226 2485 vertit
1245 2433 1281 2485 J
1302 2438 1364 2483 85
1433 2448 1590 2483 unam

529 2506 582 2553 et
606 2511 922 2548 communem
943 2499 1168 2548 omnium
1187 2499 1430 2549 existimo
1464 2497 1500 2549 J
1525 2503 1589 2548 8⁵

594 2564 771 2614 Naves
809 2562 1082 2614 codicariae
1119 2564 1297 2622 an,
1322 2568 1384 2614 12
1450 2564 1591 2614 navi-

528 2627 624 2690 bus
646 2629 697 2678 in
721 2643 808 2682 eos
830 2628 976 2678 locos
997 2628 1198 2680 venisse
1231 2629 1265 2682 J
1290 2633 1354 2680 78
1419 2629 1593 2678 incer-

530 2694 597 2743 tis
620 2709 778 2744 onere
810 2694 1030 2744 turrium
1068 2696 1112 2744 F
1135 2698 1252 2756 881,
1281 2699 1345 2748 26
1413 2709 1593 2746 escen·

530 2759 657 2810 dere
677 2758 711 2810 J
735 2764 798 2808 25
863 2759 1005 2824 quasi
1031 2773 1227 2825 magum
1246 2759 1388 2809 navis
1410 2774 1590 2823 super-

530 2839 694 2873 vacua
724 2838 881 2872 onera
897 2825 937 2873 F
953 2828 1067 2887 866,
1082 2828 1112 2873 4
1155 2822 1484 2874 ferramentis
1502 2839 1591 2874 nn·

528 2888 669 2938 vium
689 2889 784 2938 icti
809 2889 849 2938 F
865 2892 981 2948 299,
1000 2892 1068 2940 26
1132 2889 1340 2953 navigia
1359 2888 1593 2940 actuaria

532 2953 576 3003 F
597 2957 715 3012 295,
736 2958 768 3002 4
813 2953 1010 3003 laniata
1047 2953 1087 3002 F
1105 2958 1220 3016 818,
1244 2958 1302 3003 14
1370 2954 1433 3003 ad
1458 2955 1593 3004 insu-

531 3018 632 3067 lam
650 3018 852 3080 navigio
875 3026 1152 3082 prosecuta
1171 3026 1253 3070 est
1278 3019 1316 3066 F
1336 3022 1451 3080 292,
1474 3023 1502 3068 l

597 3081 895 3146 Naufragiis
938 3082 1156 3133 militnm
1196 3084 1415 3148 optimos
1475 3098 1593 3134 cum

532 3148 744 3198 navibus
769 3148 914 3198 amisi
937 3148 978 3198 F
1001 3152 1116 3211 815,
1135 3152 1169 3197 4
1235 3157 1387 3198 necat
1407 3147 1533 3199 fusti
1551 3150 1593 3198 F

533 3217 651 3275 829,
697 3217 758 3262 18
848 3214 902 3263 in
957 3227 1168 3265 carcere
1221 3214 1396 3264 necati
1448 3213 1480 3265 J
1530 3218 1593 3264 81

530 3279 708 3327 vinnm
732 3284 821 3327 aut
841 3286 1081 3329 necatum
1103 3279 1137 3329 J
1160 3283 1223 3329 61
1290 3277 1429 3328 ferro
1451 3278 1484 3329 J
1507 3283 1575 3329 42

603 3343 685 3393 Ne
710 3342 811 3392 ista
832 3343 978 3393 vobis
1000 3343 1339 3394 mansuetudo
1363 3343 1416 3392 in
1449 3343 1600 3393 misc·

535 3406 666 3469 riam
690 3406 733 3455 C
756 3412 820 3455 52

600 3471 942 3522 Necessaria:
1002 3487 1108 3522 rem
1165 3471 1472 3524 familiarem
1528 3472 1599 3526 ad

534 3537 828 3588 necessaria
858 3538 1039 3588 deesse
1075 3538 1118 3587 C
1141 3542 1205 3587 22
1272 3554 1367 3589 sua
1398 3545 1516 3603 post
1540 3539 1598 3587 il·

535 3602 632 3652 lius
654 3604 898 3653 bonorem
935 3603 1189 3653 ducerent
1225 3603 1259 3662 J
1286 3609 1348 3654 78
1414 3619 1481 3654 ex
1509 3617 1601 3653 ne-

536 3669 772 3718 cessariis
816 3668 957 3719 faeta
1012 3676 1135 3718 sunt
1191 3668 1410 3718 adversa
1458 3669 1492 3720 J
1534 3672 1599 3718 14

535 3732 574 3784 i.
615 3748 662 3783 e.
710 3748 776 3783 ex
821 3735 956 3783 omni
1003 3735 1155 3797 copia
1200 3734 1598 3783 necessariorum

535 3799 763 3863 quinque
785 3799 1030 3863 delegitJ
1057 3802 1151 3848 108
1195 3799 1409 3862 penuria
1424 3812 1603 3850 rerum

536 3864 940 3913 necessariarum
961 3865 996 3917 J
1014 3869 1077 3913 28
1113 3873 1395 3913 extremam
1417 3878 1599 3913 neces-

534 3927 741 3979 sitatem
765 3929 807 3979 F
831 3932 946 3990 276,
966 3933 1027 3979 21
1070 3943 1172 3978 neu
1196 3928 1396 3994 cogatis
1418 3942 1600 3979 neces-

538 3993 781 4046 sitatibus
808 3995 1048 4056 privatim
1094 3993 1213 4044 mibi
1249 3994 1518 4043 consulere
1556 3994 1597 4043 F

536 4062 654 4120 298,
671 4062 731 4108 19
792 4073 961 4108 rerum
985 4059 1240 4112 coactusJ
1262 4062 1327 4110 48
1373 4059 1596 4108 necessi·

539 4131 620 4174 tas
655 4138 750 4188 pro
774 4124 1152 4174 necessitudine
1185 4124 1295 4173 Cic.
1322 4138 1413 4188 pro
1437 4124 1597 4187 Sylla.

538 4179 581 4237 si
618 4197 846 4242 nostram
869 4189 920 4237 in
938 4189 1266 4239 accusatione
1306 4204 1396 4238 sna
1425 4203 1601 4239 neces-

535 4254 744 4303 sitatem
783 4252 1288 4318 familiaritatemque
1341 4254 1599 4304 violasset.

539 4316 702 4378 fialsns
740 4319 914 4382 itaque
939 4318 1139 4368 Charis.
1160 4333 1213 4382 p.
1235 4322 1318 4367 76.
1351 4334 1484 4368 neve
1509 4333 1598 4367 no-

541 4379 621 4429 bis
662 4382 1095 4472 necessitudinem
1129 4383 1407 4446 imponatis
1450 4385 1493 4434 C
1534 4388 1598 4434 88

1177 401 1421 452 INDEX
1463 397 2017 451 GRAMMA'NGUS

1642 540 1913 605 impendet
1930 537 2081 589 nobis
2099 536 2286 589 ειὰω
2302 538 2349 588 C
2373 542 2441 588 68
2496 549 2717 602 ιιι-0,»

1643 606 1907 657 cessitate.
1949 606 2219 668 Sempron-
2267 603 2484 656 Asellio.
2527 603 2620 655 lib.
2662 609 2715 658 Α.

1645 686 1742 722 non
1757 671 2027 722 decertare
2045 669 2357 719 nisisnmma
2368 669 2719 732 necessitudo,

1645 741 1741 787 &a
1782 751 1893 800 pro,
1922 735 2250 786 necessitate.
2316 735 2497 783 Varro
2526 734 2717 787 modios

1647 817 1761 853 asse
1804 801 2205 864 pulmentarium
2232 799 2441 856 sedeas,
2483 814 2587 863 quo
2630 815 2722 850 na·

1649 875 1765 917 tura
1793 867 2057 931 aurigatnr
2091 880 2191 914 non
2229 866 2581 915 neces-itudo.
2642 866 2722 918 Si,

1648 948 1827 994 senna,
1866 932 2250 982 necessitudine
2284 929 2603 982 calamitatis
2646 931 2723 980 in·

1648 998 1883 1048 ductum.
1924 997 1987 1045 ad
2019 995 2457 1048 necessitudinem
2492 997 2573 1046 rei
2594 997 2723 1048 uus

1650 1063 1845 1113 dictum
1887 1062 1923 1114 J
1962 1066 2022 1111 19
2088 1061 2238 1112 simul
2283 1061 2439 1112 nobis
2480 1060 2723 1111 demere·

1652 1128 1894 1179 acerbam
1937 1125 2372 1178 necessitudinem
2418 1127 2622 1189 pariter
2664 1135 2723 1176 te

1652 1199 1910 1242 errantem
1954 1199 2011 1243 et
2056 1193 2201 1241 illum
2244 1191 2583 1255 persequi]
2626 1195 2725 1242 188

1652 1258 1956 1308 familiarem
1979 1267 2035 1307 et
2068 1256 2302 1307 omnibns
2327 1256 2724 1307 necessit-dinis

1655 1325 1751 1375 bus
1775 1324 2185 1373 circumventum
2217 1322 2263 1372 C
2282 1326 2345 1372 21
2414 1337 2481 1372 ea
2502 1322 2724 1373 necessi-

1654 1388 1783 1439 tudo
1818 1386 2091 1452 (affinitas)
2127 1387 2264 1451 apud
2300 1388 2565 1437 Numidas
2594 1388 2727 1439 levis

1656 1453 1870 1505 ducitur
1908 1454 1940 1505 J
1966 1458 2031 1503 89
2096 1468 2227 1518 qnos
2259 1450 2487 1502 affinitas
2508 1460 2607 1504 aut
2626 1454 2727 1503 alia

1654 1519 1986 1569 necessitudo
2010 1519 2172 1570 traxit
2196 1518 2238 1568 F
2258 1521 2377 1579 841,
2394 1521 2427 1566 8

1722 1585 1953 1635 Nectere
1971 1598 2039 1635 ex
2059 1583 2331 1634 viminibus
2351 1597 2477 1632 vasa
2498 1584 2732 1647 affe-fia

1720 1714 1926 1764 Necubi
1943 1713 2007 1778 (i.
2030 1729 2083 1764 e.
2099 1729 2166 1765 ne
2198 1712 2417 1774 alieubi)
2436 1727 2633 1764 cavere
2650 1721 2727 1763 ta·

1656 1793 1773 1828 men
1807 1778 1991 1830 necubi
2011 1779 2149 1828 hosti
2169 1785 2495 1843 opportunus
2516 1777 2674 1829 fient
2692 1779 2730 1831 J

1656 1849 1719 1896 65
1788 1845 1902 1922 Ifiv.
1941 1844 2129 1895 necubi
2161 1844 2293 1894 hosti
2332 1859 2486 1920 aequo
2518 1844 2731 1920 κταρ

1657 1917 2026 2052 ἓοέὲῗῗὲῗςίξ
2045 1909 2515 2026 ,ἴοῖἶρέιὶὲᾱῶ
2535 1914 2673 2026 ...200³
2674 1925 2732 2025 ἔ

1661 2045 2183 2181 aq{3²12§mundunsats-atita)ru
2215 2102 2415 2156 fecerat
2450 2119 2571 2155 cnm
2594 2105 2641 2155 C
2668 2110 2731 2156 15

1659 2167 1891 2220 facinora
1924 2169 2174 2220 fecissent
2194 2169 2236 2220 C
2260 2175 2323 2221 51
2390 2184 2565 2235 neque
2582 2185 2731 2220 mc-

1662 2241 1771 2286 tum
1795 2242 1887 2285 aut
1910 2234 2190 2286 nefandum
2209 2235 2488 2301 quicquam
2512 2234 2617 2285 fuit
2638 2238 2731 2286 ire

1662 2300 2001 2351 barbarorum
2041 2302 2082 2351 F
2121 2304 2238 2361 888,
2278 2306 2308 2351 5
2374 2302 2517 2351 bunc
2560 2302 2731 2351 luem-

1662 2367 1894 2431 respexit
1924 2365 2098 2415 Tacit.
2122 2365 2264 2415 Hist.
2287 2365 2362 2428 iii,
2381 2370 2468 2416 88.
2508 2365 2729 2416 divers-

1663 2431 1948 2507 cupidines,
1991 2437 2047 2480 et
2088 2430 2229 2480 alind
2272 2431 2462 2496 cuique
2498 2430 2601 2481 fas.
2634 2446 2733 2482 nec

1662 2495 1941 2561 quidquam
1968 2495 2208 2546 illicitum

1728 2562 1941 2626 Negare
1962 2559 2030 2611 de
2066 2562 2171 2612 ullo
2192 2560 2400 2626 negotio
2440 2561 2726 2614 audebat]

1663 2630 1827 2768 811Νὲ
1830 2634 2029 2756 effi?
2051 2625 2213 2742 goat*
2244 2692 2607 2768 tantummodo
2620 2706 2733 2756 seg-

1664 2771 1780 2806 mor
1858 2765 1876 2805 t
1899 2758 1989 2808 ubi
2011 2757 2239 2821 negligas
2263 2763 2319 2806 at
2354 2758 2521 2806 malus
2540 2771 2733 2821 impl-02

1665 2820 1779 2872 bior
1800 2823 1836 2874 J
1858 2826 1921 2873 81
1989 2822 2155 2872 senati
2176 2822 2393 2872 decreta
2411 2822 2445 2873 J
2472 2827 2539 2871 «to
2604 2837 2731 2885 op·-

1665 2887 1833 2936 lentia
1846 2887 2217 2951 negligentiam
2234 2887 2499 2937 tolerabat
2516 2901 2653 2952 resp.
2684 2887 2729 2937 C

1665 2956 1731 3002 62
1797 2952 1939 3002 Deos
1961 2953 2006 3002 C
2030 2956 2109 3006 10.

1734 3016 1993 3081 Negotia:
2039 3031 2155 3081 quae
2202 3031 2284 3065 res
2317 3016 2543 3066 maxime
2586 3025 2731 3067 tanta

1666 3084 1877 3145 negotia
1896 3079 2227 3134 sustinnisset
2248 3082 2293 3132 C
2313 3086 2379 3130 58
2428 3096 2576 3130 suam
2596 3083 2730 3148 quis-

1709 3161 1770 3196 ue
1793 3148 1997 3210 culpam
2020 3153 2226 3197 actores
2246 3146 2313 3196 ad
2336 3147 2547 3209 negotia
2568 3154 2731 3197 trans-

1668 3161 1841 3261 ?ernnt
1870 3211 1903 3264 J
1945 3216 1971 3261 1
2040 3212 2178 3262 inter
2212 3212 2327 3261 baec
2364 3211 2581 3275 negoti·
2612 3213 2646 3263 J
2667 3216 2729 3262 47

1671 3291 1787 3340 quae
1810 3278 2021 3341 negotia
2038 3276 2306 3341 (praebitio
2327 3275 2650 3338 frumenti„
2668 3282 2731 3328 ⁵⁴

1672 3341 1761 3391 ubi
1806 3343 2027 3405 primum
2070 3341 2327 3405 potuisset
2376 3355 2475 3406 per
2522 3344 2729 3406 negotia

1673 3406 1885 3469 publica
1925 3407 1960 3459 J
2005 3409 2070 3457 61
2136 3407 2191 3458 in
2232 3406 2325 3456 lus
2361 3408 2607 3482 regiones
2638 3422 2731 3472 per

1672 3472 2044 3534 Lepitanorum
2082 3471 2290 3536 negotia
2325 3485 2561 3521 venimus
2597 3473 2632 3524 J
2670 3477 2737 3521 79

1670 3535 1737 3586 ad
1752 3536 2041 3587 simulanda
2060 3536 2271 3601 negotia
2293 3536 2520 3587 altitudo
2542 3536 2735 3602 ingenii

1672 3601 1990 3652 incredibilis
2021 3601 2056 3653 J
2089 3607 2152 3652 95
2218 3602 2413 3652 habeat
2432 3616 2525 3652 sna
2547 3604 2731 3668 quibus

1672 3666 1738 3716 ab
1761 3668 1897 3716 malo
1921 3666 2126 3731 publico
2147 3667 2447 3717 detineatur
2472 3665 2516 3717 F
2532 3672 2653 3730 845,
2668 3673 2726 3717 21

1671 3730 1825 3782 facile
1865 3746 1954 3782 eos
1997 3731 2064 3782 ad
2103 3739 2305 3784 tantum
2340 3733 2611 3796 negotium
2644 3734 2735 3782 i·-

1672 3796 1796 3861 pelli
1821 3812 1972 3861 posse
2005 3797 2134 3848 cu
2198 3802 2342 3848 ratus
2377 3797 2433 3847 id
2470 3799 2613 3862 qnod
2654 3811 2735 3846 ne-

1673 3862 1867 3927 gotium
2005 3862 2162 3913 cebat
2200 3862 2234 3914 J
2272 3867 2340 3913 56
2422 3864 2737 3940 participe-

1671 3928 1866 3990 negotii
1920 3929 2029 3978 ecit
2068 3929 2102 3979 J
2136 3933 2204 3978 29
2267 3928 2493 3992 negotiis
2517 3937 2575 3978 et
2604 3929 2734 3992 peri·

1672 3993 1788 4046 culo
1829 4001 2152 4056 compertum
2194 3994 2237 4044 C
2273 3996 2305 4042 2
2373 4008 2471 4057 per
2508 3994 2733 4042 boni-es

1672 4057 1792 4106 talis
1815 4058 2010 4122 negotii
2033 4056 2263 4108 artifices
2284 4057 2317 4108 J
2341 4061 2405 4106 85
2474 4055 2639 4108 facies
2662 4066 2737 4108 to-

1672 4122 1774 4174 tius
1813 4123 2009 4186 negotii
2044 4124 2207 4184 varia,
2241 4126 2337 4173 duc.
2375 4122 2410 4173 J
2453 4128 2517 4171 51
2586 4125 2737 4172 sinn·

1674 4187 1818 4238 labat
1860 4188 2070 4252 negotio
2114 4188 2287 4252 aliquo
2328 4186 2562 4238 intentus
2618 4189 2663 4238 C
2696 4192 2729 4236 2

1674 4266 1786 4302 sese
1826 4253 2023 4317 negotii
2062 4253 2229 4317 gratia
2270 4265 2557 4318 properare
2588 4254 2631 4304 'J
2669 4257 2739 4303 78

1676 4325 1923 4381 quantum
1954 4333 2073 4369 eum
2097 4320 2321 4375 maxi-w
2346 4317 2603 4368 beneficio
2625 4332 2738 4368 ves·

1678 4389 1760 4433 tro
1782 4383 1977 4448 negotii
1997 4383 2278 4435 sustineam
2312 4384 2347 4437 J
2372 4388 2434 4435 85
2504 4384 2731 4450 plerique
