2984 4892
527 371 607 439 xl

530 543 778 597 prospere
814 527 1016 580 insidiae
1039 525 1084 577 C
1102 529 1170 577 26
1233 526 1293 577 in
1321 531 1466 579 metu
1485 540 1599 579 ces-

532 597 750 652 serimus
768 596 810 646 C
834 599 898 644 68
964 592 1135 644 anima
1155 599 1357 643 naturae
1377 590 1419 642 F
1438 596 1598 654 360,ss

601 661 793 712 Cetera
828 660 940 708 vita
976 672 1153 708 eorum
1177 672 1296 722 pro,
1331 659 1534 721 reiiqua
1554 657 1598 707 C

535 730 602 777 62
656 725 978 777 Ciceronem.
998 731 1193 790 praeter
1210 737 1389 772 nomen
1419 729 1601 772 cetera

534 792 746 855 ignarus
786 791 849 840 P.
871 789 1089 839 Romani
1110 789 1143 840 J
1181 792 1244 837 19
1265 796 1322 838 et
1340 786 1507 837 Tacit.
1532 787 1601 851 vi,

535 861 602 906 42
692 856 752 920 ju
792 855 804 866 '
851 869 1006 920 aqua,
1047 862 1227 903 cetera
1271 853 1446 917 pluvia
1486 858 1598 902 ute-

534 921 725 971 bantur
804 923 870 969 89
907 935 1023 968 cum
1043 925 1222 968 cetera
1243 924 1353 968 tum
1376 918 1598 968 maxime

535 986 908 1051 benignitatem
932 991 986 1035 et
1025 984 1249 1033 studium
1273 986 1339 1048 Sy
1349 983 1431 1033 11ae
1452 996 1601 1033 acce·

532 1052 617 1115 pit
651 1051 686 1105 J
712 1054 807 1102 104
872 1056 985 1099 erat
1014 1049 1148 1103 inter
1178 1054 1405 1098 ceteram
1438 1048 1599 1113 plani-

536 1118 660 1171 tiem
683 1130 829 1167 mons
858 1115 891 1167 J
916 1119 981 1165 92
1045 1115 1326 1164 clementia
1356 1117 1454 1166 διο.
1489 1113 1600 1179 qui-

537 1179 633 1231 bus
673 1196 770 1246 per
813 1187 1021 1230 ceteras
1067 1185 1249 1242 gentes
1289 1178 1502 1229 maximi
1543 1184 1600 1228 et

535 1248 663 1297 clari
698 1246 821 1296 estis
857 1247 1036 1307 F274,
1062 1249 1123 1294 12
1190 1252 1307 1309 post
1341 1258 1429 1294 eas
1458 1251 1600 1294 cete-

536 1325 653 1362 rum
688 1311 975 1361 exercitum
1016 1312 1072 1359 in
1111 1309 1356 1359 subsidiis
1388 1310 1532 1360 locat
1555 1310 1599 1360 C

534 1380 601 1426 69
686 1383 961 1441 postquam
1012 1374 1169 1425 finem
1210 1373 1377 1435 fecit;
1430 1374 1601 1424 ceteri

534 1440 717 1505 verbo,
738 1442 867 1491 alius
889 1439 996 1502 alii,
1016 1440 1156 1489 varie
1178 1438 1601 1490 assentiebantur

537 1505 579 1555 C
603 1510 670 1557 62
734 1506 899 1558 ceteri
933 1504 1226 1569 formidine,
1259 1520 1376 1569 pars
1408 1505 1477 1554 ad
1512 1504 1601 1554 alii

537 1571 620 1619 ad.
644 1571 677 1623 J
696 1575 761 1621 74
826 1570 1002 1621 lubido
1023 1571 1210 1634 stupri,
1243 1585 1421 1634 ganeae
1459 1578 1601 1620 cete-

537 1635 685 1713 rique
708 1635 878 1752 cultu‘ris
899 1637 942 1686 C
965 1641 1026 1752 lta
1042 1642 1600 1751 &queceasceteggunn

533 1715 730 1752 ammos
766 1716 821 1751 re
862 1716 981 1751 cere
1095 1717 1142 1751 c.
1505 1715 1604 1763 ms,

537 1766 749 1832 amicos,
784 1766 1104 1832 propinquos
1128 1772 1437 1830 ceterosque
1458 1778 1601 1815 meos

534 1831 568 1883 J
600 1836 664 1883 14
729 1831 821 1882 sed
860 1847 956 1895 per
999 1837 1204 1882 ceteros
1242 1830 1506 1880 mortales.
1544 1830 1601 1880 in

537 1897 763 2012 pricrzic'ig.
787 1896 1007 1974 sedyid.
1027 1904 1183 1973 μοῖρ’.
1197 1897 1240 1945 F
1244 1900 1373 2015 34197,
1397 1901 1450 2009 1t
1473 1961 1516 2009 C
1535 1964 1600 2010 20

999 1977 1025 2010 r
1098 1979 1108 1991 ·
1170 1975 1220 2010 ιο
1397 1977 1423 2010 e

533 2029 634 2078 ὅτε.
647 1977 677 2012 e
701 1976 1262 2092 paesszqzspzmtcnlgves
1279 2025 1600 2075 adulterinas

537 2097 707 2156 paret,
750 2099 1005 2155 ceterum,
1044 2091 1134 2141 ubi
1174 2106 1256 2142 res
1295 2091 1602 2156 postularet,

534 2157 760 2221 seipsum
783 2164 1055 2207 venturum
1075 2155 1110 2207 J
1134 2161 1198 2207 12
1252 2170 1470 2220 regnum
1488 2162 1601 2205 tan·

538 2222 805 2273 tummodo
854 2221 1221 2286 procuratione
1256 2221 1602 2271 existimarem

536 2299 745 2349 meum;
800 2296 1035 2337 ceterum
1073 2287 1163 2351 jus
1214 2293 1271 2337 et
1325 2286 1600 2351 imperinm

577 2367 717 2402 aenes
741 2366 835 2402 vos
856 2367 968 2402 esse
988 2351 1023 2403 J
1059 2356 1123 2401 1-1
1188 2366 1274 2403 eos
1292 2352 1512 2401 muitum
1529 2352 1601 2401 la-

576 2431 718 2467 orem
758 2417 1041 2481 suscipere,
1078 2422 1310 2466 ceterum
1334 2431 1401 2466 ex
1440 2416 1603 2465 omni·

533 2481 631 2531 bus
667 2482 889 2532 maxime
913 2488 1054 2531 tutos
1075 2495 1189 2531 esse
1226 2481 1259 2533 J
1291 2486 1353 2532 14
1419 2482 1603 2530 avidus

535 2547 786 2611 potentia:
823 2547 1032 2597 honoris
1074 2550 1173 2596 διο.
1212 2553 1441 2596 ceterum
1475 2546 1604 2596 vitia

535 2627 629 2662 sua
646 2611 834 2663 callide
852 2613 1116 2662 occultans
1135 2611 1171 2663 J
1197 2614 1258 2660 15
1317 2611 1604 2676 persuadet

534 2677 612 2729 uti
633 2678 899 2728 traderent
919 2681 1019 2727 dic.
1040 2683 1272 2727 ceterum
1293 2677 1461 2752 palam
1482 2691 1602 2740 qum

533 2756 601 2791 ex
640 2745 906 2794 voluntate
956 2742 1150 2806 forent,
1202 2756 1316 2807 regi
1369 2742 1602 2792 nunciati

526 2807 687 2871 jubet
729 2809 764 2860 J
800 2813 867 2858 46
932 2808 1128 2874 quippe
1165 2809 1254 2858 cui
1290 2805 1463 2856 verbis
1498 2821 1601 2872 pax

532 2872 897 2937 nunciabatur,
928 2879 1163 2925 ceterum
1205 2887 1263 2923 re
1292 2872 1485 2923 bellum
1523 2888 1602 2923 as·

535 2938 821 3001 pertimum
842 2946 969 2989 ‚erat
990 2939 1024 2991 J
1047 2942 1113 2989 48
1177 2938 1280 3003 ipsi
1300 2951 1478 3002 pares,
1515 2952 1599 2988 ce·

535 3010 706 3054 terum
737 3003 939 3068 {opibus
982 3003 1276 3069 disparibus
1325 3003 1360 3056 J
1400 3007 1483 3065 62,
1513 3008 1598 3066 66,

533 3072 619 3132 79,
638 3073 723 3134 73,
743 3074 827 3132 76,
863 3074 928 3119 76
993 3083 1095 3119 non
1119 3074 1313 3119 temere
1335 3069 1600 3134 pugnandi

535 3134 742 3198 copiam
777 3133 937 3186 facit:
986 3140 1217 3185 ceterum
1242 3133 1378 3183 haud
1413 3136 1598 3198 procul

535 3197 602 3247 ab
625 3198 772 3249 Cirta
805 3214 957 3263 reges
993 3200 1228 3278 operitur
1257 3199 1292 3251 J
1317 3204 1381 3250 82
1446 3214 1597 3250 omne

536 3262 728 3314 bellum
772 3266 905 3314 sumi
939 3264 1118 3328 facile,
1158 3269 1395 3315 ceterum
1434 3279 1599 3330 aeger-

533 3328 665 3380 rime
701 3328 941 3380 desinere
975 3330 1010 3382 J
1045 3335 1109 3380 88
1174 3344 1343 3394 neque
1383 3329 1449 3380 de
1488 3332 1597 3381 uile

534 3394 746 3457 negotio
784 3395 1010 3445 abnuere
1051 3393 1309 3447 audebat:
1361 3404 1597 3446 ceterum

534 3459 954 3523 supplementum
999 3460 1157 3510 etiam
1214 3461 1369 3510 laetus
1414 3460 1597 3511 decre,

533 3533 683 3574 verat
719 3525 755 3577 J
800 3528 865 3576 84
930 3525 1113 3590 praelia
1149 3525 1332 3590 multa,
1363 3531 1597 3577 ceterum

532 3589 635 3639 aiia
656 3589 793 3641 levia
811 3589 925 3640 aliis
945 3591 1070 3641 locis
1090 3588 1270 3641 facere
1299 3592 1335 3644 J
1362 3595 1426 3641 87
1492 3606 1598 3642 non

534 3654 716 3705 eadem
753 3655 1039 3721 asperitate
1083 3670 1184 3721 qua
1222 3660 1320 3709 διο.
1364 3661 1599 3707 ceterum

533 3719 673 3770 haud
706 3735 854 3775 secus
878 3719 1143 3772 difficilem
1163 3720 1198 3772 J
1221 3725 1286 3771 92
1352 3736 1420 3771 ex
1442 3731 1599 3786 gente

534 3785 613 3835 M.
648 3792 880 3837 ceterum
924 3793 1159 3836 materno
1228 3800 1385 3837 enere
1430 3787 1600 3852 impar

532 3849 568 3901 J
594 3854 691 3901 108
746 3852 814 3905 V.
837 3850 1136 3902 Acidalium
1157 3866 1186 3902 a
1246 3851 1402 3917 Capt.
1420 3853 1599 3906 Plauti

534 3915 611 3975 iii,
630 3920 664 3966 4

602 3979 723 4032 Cibi
743 3980 920 4046 inopia
940 3983 1111 4034 acrior
1132 3984 1210 4033 vis
1229 3982 1598 4049 (serpentium)

535 4044 570 4096 J
593 4048 659 4095 89
722 4047 950 4112 vinoque
978 4049 1090 4099 laeti
1111 4049 1392 4101 invitarent
1419 4050 1461 4099 F
1483 4053 1602 4111 818,

534 4114 565 4159 7
622 4124 689 4161 ne
713 4113 828 4177 quis
848 4113 902 4163 in
918 4115 1102 4164 castris
1124 4128 1310 4179 panem
1333 4120 1426 4164 anit
1444 4129 1598 4181 quem

534 4174 692 4227 alium
729 4177 901 4229 cibum
934 4185 1141 4231 coctum
1176 4178 1432 4229 venderet
1464 4179 1502 4232 J
1533 4184 1597 4230 46

537 4240 653 4303 quis
674 4249 791 4292 erat
813 4257 938 4293 caro
958 4242 1144 4294 ferina.
1183 4244 1219 4296 J
1245 4248 1308 4294 18
1370 4244 1475 4295 iliis
1508 4244 1597 4295 ad·

536 4316 744 4355 versum
774 4304 964 4361 famem
985 4315 1042 4361 et
1064 4310 1209 4363 sitim
1242 4324 1349 4362 non
1379 4309 1603 4363 lubidini

1202 380 1449 435 mnu
1509 380 2067 433 GRAMMATICUS

1673 524 1708 577 J
1731 527 1800 574 89
1865 530 1970 574 tam
1993 538 2092 589 pro
2113 528 2311 575 temeto
2349 537 2502 590 quam
2531 522 2711 589 eduii'u,

1677 587 1817 654 quod
1855 591 2040 639 rarius.
2076 588 2259 640 Cicero
2291 590 2342 638 in
2365 590 2555 640 Anton.
2577 606 2712 655 quum

1676 670 1732 705 se
1777 654 1903 705 cibis
1943 655 2385 719 ingurgitaviaset,
2419 662 2477 705 et
2519 656 2644 705 Plin.
2667 655 2714 718 ii,

1675 724 1757 770 16.
1783 720 1852 770 N.
1877 719 1947 769 H.
1969 720 2228 771 instiiiant
2258 720 2402 770 cibos
2425 730 2576 786 atque
2593 720 2713 771 incu-

1674 784 1801 835 bant
1822 784 2099 851 (Gallinae)

1674 915 1716 964 F
1742 851 2025 900 Cicatrices
2068 849 2289 901 adverso
2332 865 2554 914 corpore
2590 849 2623 901 J
2660 854 2713 898 86

1743 918 1861 975 327,
1884 919 1947 965 23

1739 981 1967 1033 Circiter
2007 980 2131 1030 Kal.
2163 980 2287 1033 Jun.
2319 981 2366 1031 C
2399 984 2464 1030 18
2526 980 2714 1031 circiter

1672 1044 1947 1095 duodecim
1994 1047 2154 1111 pedes
2195 1046 2336 1096 humi
2382 1044 2643 1110 depressus
2677 1046 2714 1094 C

1673 1115 1734 1159 66
1819 1125 1977 1160 annos
2031 1120 2182 1161 natus
2227 1113 2439 1161 circiter
2479 1114 2558 1161 20.
2597 1110 2626 1162 J
2661 1114 2714 1159 6⁴

1675 1175 1828 1226 duum
1854 1176 2072 1225 millium
2111 1177 2386 1226 intervallo
2413 1176 2446 1228 J
2473 1180 2562 1226 196
2624 1176 2715 1225 He-

1672 1241 1814 1290 mina
1853 1241 1992 1305 apud
2038 1242 2177 1291 Plin.
2222 1241 2333 1303 xiii,
2380 1246 2460 1292 13.
2514 1240 2715 1304 lapidem

1674 1304 1834 1356 fuisse
1879 1306 2188 1371 quadratum
2231 1306 2449 1357 circiter
2486 1306 2535 1355 iu
2571 1304 2714 1357 medio

1674 1380 1819 1421 arcte
1844 1371 2071 1421 vinctum
2097 1388 2249 1436 quam
2272 1372 2586 1422 locutionem
2606 1370 2717 1420 stus·

1676 1443 1760 1486 tra
1803 1451 2006 1501 quaeras
2051 1438 2104 1486 in
2151 1430 2415 1487 Hardt'iini
2459 1436 2718 1495 ludieihus,

1675 1502 1768 1551 sed
1806 1516 1908 1551 non
1931 1510 2013 1553 cst
2035 1510 2316 1569 propterea
2355 1503 2482 1553 trita
2515 1501 2625 1567 quia
2644 1501 2715 1550 iiie

1676 1567 1924 1617 omiserit.

1742 1631 2012 1683 circuiens
2034 1633 2322 1696 manipulos
2345 1634 2381 1686 J
2415 1639 2485 1684 49
2544 1630 2716 1696 vigilias

1677 1713 1804 1747 curn
1836 1698 2024 1761 legatis
2061 1700 2092 1749 J
2118 1703 2181 1748 45
2218 1705 2274 1748 et
2308 1703 2425 1749 loo.
2471 1714 2615 1764 quem
2635 1698 2716 1746 cir·

1677 1765 1976 1812 cumvenire
1998 1764 2284 1813 nitebatur.
2337 1766 2417 1814 M.
2450 1765 2648 1829 capelia
2674 1776 2716 1825 p.

1676 1831 1760 1890 44,
1780 1831 1862 1877 20.
1919 1828 2048 1878 Mss.
2089 1829 2154 1877 B.
2193 1828 2329 1879 Pub.
2366 1836 2421 1880 et
2457 1830 2516 1880 C.
2550 1826 2716 1878 Christi

1677 1893 1890 1956 rectius,
1913 1894 2187 1944 circumire
2211 1899 2268 1943 et
2290 1893 2532 1945 circuire.
2565 1892 2715 1943 Codex

1677 1957 1992 2008 Oxoniensis
2014 1974 2132 2009 cum
2153 1957 2276 2009 edd.
2306 1959 2459 2025 facit,
2510 1958 2718 2021 circuire,

1676 2021 1872 2073 hortari
1895 2022 1930 2074 J
1954 2027 2017 2073 51
2217 2074 2222 2079 ,

1744 2088 1953 2138 Circum
1985 2103 2040 2139 se
2072 2087 2303 2139 babebat
2338 2087 2718 2141 facinorosorum

1676 2160 1913 2203 catervas
1942 2157 2041 2205 διο.
2076 2154 2119 2204 C
2146 2158 2206 2203 14
2230 2163 2282 2204 et
2307 2158 2375 2206 26
2444 2170 2612 2205 omnes
2644 2152 2716 2216 qni

1677 2217 1873 2268 circum
1898 2225 2020 2269 sunt
2043 2223 2145 2270 ihc.
2178 2219 2221 2269 F
2243 2224 2360 2283 293,
2402 2226 2467 2283 19
2529 2218 2719 2270 vastatis

1676 2284 1872 2333 circum
1893 2283 2130 2334 omnibus
2151 2283 2279 2334 locis
2301 2285 2343 2334 F
2368 2290 2467 2337 815
2491 2290 2522 2336 8
2582 2285 2629 2334 in
2659 2282 2718 2332 A·

1677 2349 1872 2412 puliam
1895 2349 2198 2414 circumque
2219 2366 2281 2400 ea
2302 2351 2422 2401 loca
2444 2352 2488 2402 C
2508 2355 2568 2400 39
2624 2349 2720 2399 Cir-

1677 2427 1796 2462 cum
1821 2414 2094 2464 annitente
2118 2415 2280 2479 nullo,
2318 2416 2372 2465 in
2408 2416 2602 2467 obsidio
2630 2412 2718 2463 sru-

1677 2485 1908 2528 mentum
1932 2478 2104 2530 defuit
2126 2480 2167 2528 F
2188 2484 2305 2542 815,
2326 2486 2361 2531 2

1745 2544 2049 2594 Circumdat
2085 2546 2272 2595 moenia
2291 2545 2434 2596 fossa
2467 2546 2502 2599 J
2533 2549 2592 2595 23
2650 2558 2721 2592 ex·

1677 2610 1848 2659 ercitu
1881 2609 2201 2660 circumdato
2221 2609 2255 2661 J
2280 2614 2342 2660 26
2412 2609 2720 2667 multitudine

1678 2671 1830 2724 effusi
1854 2674 2136 2725 consedere
2159 2679 2225 2725 98

1743 2738 2126 2791 circumeundo
2222 2740 2494 2805 sigillatim
2584 2746 2717 2806 atque

1676 2805 2007 2855 ementiendo
2029 2805 2072 2854 C
2093 2810 2161 2856 49

1742 2869 2223 2934 Ciucnmgredimur
2264 2869 2517 2922 Armenia
2550 2870 2590 2920 F
2621 2872 2716 2929 316,

1678 2937 1740 2984 14
1773 2936 2121 3001 circumgredi
2139 2943 2289 3002 terga
2302 2940 2406 2988 &c-
2442 2936 2578 3002 apud
2590 2934 2718 2985 Taci-

1675 3005 1785 3049 tum

1742 3065 2091 3117 Circumsedit
2112 3066 2361 3133 oppidum
2385 3068 2421 3121 J
2444 3072 2506 3118 21

1739 3130 2193 3196 Circumspectare
2215 3134 2406 3198 omnia,
2444 3138 2662 3183 metuere
2687 3128 2716 3183 J

1669 3198 1737 3247 ,72
1772 3196 1887 3247 Liv.
1908 3197 1979 3247 iv.
2036 3199 2099 3248 B.
2121 3197 2332 3249 Maced.
2356 3203 2474 3249 153.
2526 3199 2714 3249 circun-

1672 3263 2074 3378 ewssssffiff
2105 3263 2364 3381 5:²22?ss
2395 3266 2716 3381 ..aaz

2366 3364 2384 3393 2
2487 3365 2502 3382 Ο

1673 3391 1905 3443 Eunuch.
1928 3392 2002 3457 iii,
2022 3399 2071 3454 6,
2095 3398 2162 3443 64

1740 3458 2178 3523 circumspiciens
2201 3466 2258 3510 et
2278 3466 2494 3510 tentans
2514 3457 2668 3508 omnia
2681 3454 2713 3509 J

1675 3526 1739 3573 93
1773 3522 1895 3573 inde
1909 3525 2087 3574 Valer.
2105 3525 2178 3587 iv,
2196 3528 2245 3587 8,
2260 3530 2309 3575 3.
2352 3526 2715 3587 Circumspeou

1673 3588 1830 3638 animi
1852 3588 2209 3640 moderatione
2247 3591 2336 3641 ubi
2357 3591 2462 3641 Ms.
2501 3604 2590 3653 pro
2624 3600 2713 3636 me·

1675 3655 1857 3717 ruerit,
1876 3655 2271 3719 elegerigutiet
2288 3655 2470 3706 Codex
2486 3651 2712 3705 Danielis.

1673 3719 1836 3769 Diem
1857 3720 1996 3771 bello
2021 3722 2060 3770 F
2079 3724 2197 3783 282,
2217 3725 2247 3770 3

1741 3785 2133 3899 Οἰὲειιωῑωίεεε
2188 3787 2386 3851 pateris
2439 3782 2709 3849 sanguine·

1673 3852 1772 3899 &c.
1863 3855 1929 3901 22

1741 3915 2130 3966 circumvenire
2171 3917 2401 3967 insontes
2453 3916 2496 3966 C
2537 3917 2595 3963 1⁰
2651 3906 2708 3960 ab

1676 3985 1827 4045 tergo
1863 3981 1898 4034 J
1939 3986 2002 4031 97
2069 3985 2307 4033 exercitu
2340 3982 2707 4032 moeniscuacu

1671 4045 1708 4097 J
1730 4051 1794 4095 67
1847 4046 2037 4096 moenia
2062 4048 2193 4097 valio
2226 4046 2462 4112 fossaque
2482 4047 2512 4097 J
2543 4048 2605 4093 76
2651 4039 2708 4115 1)·

1677 4111 1829 4162 Rom.
1854 4113 2045 4162 suimet
2081 4112 2342 4177 sanguinis
2373 4108 2599 4161 mercede
2624 4118 2706 4155 eir·

1675 4177 2103 4229 cumveniendnm
2141 4179 2184 4228 F
2222 4182 2338 4237 279,
2364 4182 2399 4227 8
2459 4190 2492 4225 a
2514 4176 2702 4235 &5⁰st

1677 4242 1891 4293 renibus
1911 4243 2041 4292 mari
2061 4244 2413 4294 circumventa
2445 4241 2487 4293 Ρ
2512 4241 2616 4296 290.
2651 4236 2702 4291 19

1676 4306 1947 4373 planitiem
1989 4307 2118 4365 locis
2155 4308 2334 4373 paullo
2387 4300 2701 4372 superioribas
