<?xml version="1.0" encoding="UTF-8"?>
<!DOCTYPE html PUBLIC "-//W3C//DTD XHTML 1.0 Transitional//EN"
    "http://www.w3.org/TR/xhtml1/DTD/xhtml1-transitional.dtd">
<html xmlns="http://www.w3.org/1999/xhtml" xml:lang="en" lang="en">
 <head>
  <title>
</title>
<meta http-equiv="Content-Type" content="text/html;charset=utf-8" />
  <meta name='ocr-system' content='tesseract 3.04.00' />
  <meta name='ocr-capabilities' content='ocr_page ocr_carea ocr_par ocr_line ocrx_word'/>
</head>
<body>
  <div class='ocr_page' id='page_1' title='image "./ccrispisallusti00clergoog_0529.png"; bbox 0 0 2984 4892; ppageno 0'>
   <div class='ocr_carea' id='block_1_1' title="bbox 856 417 1941 484">
    <p class='ocr_par' dir='ltr' id='par_1_1' title="bbox 856 417 1941 484">
     <span class='ocr_line' id='line_1_1' title="bbox 856 417 1941 484; baseline 0 -5"><span class='ocrx_word' id='word_1_1' title='bbox 856 429 1167 482; x_wconf 65' lang='lat' dir='ltr'><strong>nannum</strong></span> <span class='ocrx_word' id='word_1_2' title='bbox 1209 429 1592 483; x_wconf 65' lang='lat' dir='ltr'><strong>monuwa.</strong></span> <span class='ocrx_word' id='word_1_3' title='bbox 1666 432 1833 484; x_wconf 71' lang='lat' dir='ltr'><strong>mr.</strong></span> <span class='ocrx_word' id='word_1_4' title='bbox 1875 417 1941 482; x_wconf 83' lang='lat'><strong>4.</strong></span> 
     </span>
    </p>
   </div>
   <div class='ocr_carea' id='block_1_2' title="bbox 236 588 1404 4297">
    <p class='ocr_par' dir='ltr' id='par_1_2' title="bbox 276 588 1362 734">
     <span class='ocr_line' id='line_1_2' title="bbox 276 588 1362 659; baseline -0.001 -16"><span class='ocrx_word' id='word_1_5' title='bbox 276 588 493 659; x_wconf 54' lang='lat' dir='ltr'><strong>mi]</strong></span> <span class='ocrx_word' id='word_1_6' title='bbox 526 591 701 643; x_wconf 66' lang='lat' dir='ltr'><strong>Tacit.</strong></span> <span class='ocrx_word' id='word_1_7' title='bbox 726 604 805 642; x_wconf 74' lang='lat' dir='ltr'><strong>iv.</strong></span> <span class='ocrx_word' id='word_1_8' title='bbox 839 593 863 624; x_wconf 75' lang='lat'>‘</span> <span class='ocrx_word' id='word_1_9' title='bbox 882 591 1037 643; x_wconf 82' lang='lat' dir='ltr'><strong>Odiis</strong></span> <span class='ocrx_word' id='word_1_10' title='bbox 1068 592 1245 658; x_wconf 83' lang='lat' dir='ltr'><strong>Sejaui</strong></span> <span class='ocrx_word' id='word_1_11' title='bbox 1263 606 1362 658; x_wconf 86' lang='lat' dir='ltr'><strong>per</strong></span> 
     </span>
     <span class='ocr_line' id='line_1_3' title="bbox 287 667 1359 734; baseline 0.001 -14"><span class='ocrx_word' id='word_1_12' title='bbox 287 667 523 720; x_wconf 69' lang='lat' dir='ltr'><strong>dedecus</strong></span> <span class='ocrx_word' id='word_1_13' title='bbox 542 683 692 719; x_wconf 77' lang='lat' dir='ltr'><strong>suum</strong></span> <span class='ocrx_word' id='word_1_14' title='bbox 715 668 1147 734; x_wconf 62' lang='lat' dir='ltr'><strong>gratificabatur?</strong></span> <span class='ocrx_word' id='word_1_15' title='bbox 1201 671 1359 721; x_wconf 74' lang='lat' dir='ltr'><strong>ciacc.</strong></span> 
     </span>
    </p>

    <p class='ocr_par' dir='ltr' id='par_1_3' title="bbox 236 747 1377 2050">
     <span class='ocr_line' id='line_1_4' title="bbox 356 747 1363 815; baseline 0.003 -19"><span class='ocrx_word' id='word_1_16' title='bbox 356 747 517 796; x_wconf 72' lang='lat' dir='ltr'><strong>Decus</strong></span> <span class='ocrx_word' id='word_1_17' title='bbox 541 751 682 810; x_wconf 66' lang='lat' dir='ltr'><strong>atque</strong></span> <span class='ocrx_word' id='word_1_18' title='bbox 713 747 978 798; x_wconf 67' lang='lat' dir='ltr'><strong>iibri-tutem</strong></span> <span class='ocrx_word' id='word_1_19' title='bbox 1005 763 1140 798; x_wconf 69' lang='lat' dir='ltr'><strong>suum</strong></span> <span class='ocrx_word' id='word_1_20' title='bbox 1169 749 1363 815; x_wconf 59' lang='lat' dir='ltr'><strong>gratifi-</strong></span> 
     </span>
     <span class='ocr_line' id='line_1_5' title="bbox 285 822 1365 892; baseline 0.003 -20"><span class='ocrx_word' id='word_1_21' title='bbox 285 822 418 885; x_wconf 60' lang='grc' dir='ltr'><strong>σοί]</strong></span> <span class='ocrx_word' id='word_1_22' title='bbox 449 823 589 874; x_wconf 71' lang='lat' dir='ltr'><strong>lund</strong></span> <span class='ocrx_word' id='word_1_23' title='bbox 607 825 900 892; x_wconf 52' lang='grc' dir='ltr'>ζωῇσιν-ι’,</span> <span class='ocrx_word' id='word_1_24' title='bbox 928 829 1073 877; x_wconf 78' lang='lat' dir='ltr'><strong>varie</strong></span> <span class='ocrx_word' id='word_1_25' title='bbox 1095 833 1365 892; x_wconf 85' lang='lat' dir='ltr'><strong>exponunt</strong></span> 
     </span>
     <span class='ocr_line' id='line_1_6' title="bbox 290 899 1365 968; baseline 0.003 -18"><span class='ocrx_word' id='word_1_26' title='bbox 290 899 684 952; x_wconf 72' lang='lat' dir='ltr'><strong>commentarii.</strong></span> <span class='ocrx_word' id='word_1_27' title='bbox 739 903 925 952; x_wconf 87' lang='lat' dir='ltr'><strong>Soldus</strong></span> <span class='ocrx_word' id='word_1_28' title='bbox 949 903 1240 968; x_wconf 77' lang='lat' dir='ltr'><strong>conjungit,</strong></span> <span class='ocrx_word' id='word_1_29' title='bbox 1261 903 1365 952; x_wconf 80' lang='lat' dir='ltr'><strong>libi-</strong></span> 
     </span>
     <span class='ocr_line' id='line_1_7' title="bbox 291 976 1365 1043; baseline 0.003 -17"><span class='ocrx_word' id='word_1_30' title='bbox 291 976 665 1043; x_wconf 55' lang='lat' dir='ltr'><strong>domem-i,</strong></span> <span class='ocrx_word' id='word_1_31' title='bbox 686 985 744 1029; x_wconf 86' lang='lat' dir='ltr'><strong>et</strong></span> <span class='ocrx_word' id='word_1_32' title='bbox 777 980 1012 1043; x_wconf 78' lang='lat' dir='ltr'><strong>exponit,</strong></span> <span class='ocrx_word' id='word_1_33' title='bbox 1034 979 1179 1030; x_wconf 76' lang='lat' dir='ltr'><strong>libido</strong></span> <span class='ocrx_word' id='word_1_34' title='bbox 1206 979 1365 1042; x_wconf 72' lang='lat' dir='ltr'><strong>grati-</strong></span> 
     </span>
     <span class='ocr_line' id='line_1_8' title="bbox 275 1054 1365 1121; baseline 0.003 -17"><span class='ocrx_word' id='word_1_35' title='bbox 275 1054 486 1120; x_wconf 71' lang='lat' dir='ltr'><strong>ficandi.</strong></span> <span class='ocrx_word' id='word_1_36' title='bbox 553 1056 750 1105; x_wconf 86' lang='lat' dir='ltr'><strong>Badius</strong></span> <span class='ocrx_word' id='word_1_37' title='bbox 786 1056 937 1106; x_wconf 85' lang='lat' dir='ltr'><strong>addit</strong></span> <span class='ocrx_word' id='word_1_38' title='bbox 961 1056 1013 1106; x_wconf 88' lang='lat' dir='ltr'><strong>in</strong></span> <span class='ocrx_word' id='word_1_39' title='bbox 1036 1057 1365 1121; x_wconf 83' lang='lat' dir='ltr'><strong>expositione</strong></span> 
     </span>
     <span class='ocr_line' id='line_1_9' title="bbox 296 1129 1367 1197; baseline 0.001 -17"><span class='ocrx_word' id='word_1_40' title='bbox 296 1145 392 1182; x_wconf 77' lang='lat' dir='ltr'><strong>sua</strong></span> <span class='ocrx_word' id='word_1_41' title='bbox 417 1131 632 1183; x_wconf 80' lang='lat' dir='ltr'><strong>verbum</strong></span> <span class='ocrx_word' id='word_1_42' title='bbox 650 1129 818 1196; x_wconf 61' lang='lat' dir='ltr'><strong>uelim,</strong></span> <span class='ocrx_word' id='word_1_43' title='bbox 839 1132 979 1197; x_wconf 85' lang='lat' dir='ltr'><strong>quod</strong></span> <span class='ocrx_word' id='word_1_44' title='bbox 1000 1134 1130 1182; x_wconf 86' lang='lat' dir='ltr'><strong>nulli</strong></span> <span class='ocrx_word' id='word_1_45' title='bbox 1153 1140 1367 1183; x_wconf 80' lang='lat' dir='ltr'><strong>contex-</strong></span> 
     </span>
     <span class='ocr_line' id='line_1_10' title="bbox 296 1207 1369 1273; baseline 0 -15"><span class='ocrx_word' id='word_1_46' title='bbox 296 1215 382 1258; x_wconf 75' lang='lat' dir='ltr'><strong>tus</strong></span> <span class='ocrx_word' id='word_1_47' title='bbox 403 1207 620 1270; x_wconf 82' lang='lat' dir='ltr'><strong>habeut,</strong></span> <span class='ocrx_word' id='word_1_48' title='bbox 652 1208 745 1258; x_wconf 88' lang='lat' dir='ltr'><strong>sed</strong></span> <span class='ocrx_word' id='word_1_49' title='bbox 784 1208 1086 1273; x_wconf 74' lang='lat' dir='ltr'><strong>subjungitz</strong></span> <span class='ocrx_word' id='word_1_50' title='bbox 1120 1210 1138 1238; x_wconf 75' lang='lat'>⁸</span> <span class='ocrx_word' id='word_1_51' title='bbox 1160 1209 1215 1258; x_wconf 86' lang='lat' dir='ltr'><strong>Si</strong></span> <span class='ocrx_word' id='word_1_52' title='bbox 1238 1208 1369 1258; x_wconf 89' lang='lat' dir='ltr'><strong>ordo</strong></span> 
     </span>
     <span class='ocr_line' id='line_1_11' title="bbox 294 1285 1371 1351; baseline -0.001 -17"><span class='ocrx_word' id='word_1_53' title='bbox 294 1285 382 1337; x_wconf 81' lang='lat' dir='ltr'><strong>lsic</strong></span> <span class='ocrx_word' id='word_1_54' title='bbox 400 1292 504 1348; x_wconf 84' lang='lat' dir='ltr'><strong>est,</strong></span> <span class='ocrx_word' id='word_1_55' title='bbox 530 1286 718 1336; x_wconf 79' lang='lat' dir='ltr'><strong>Libido</strong></span> <span class='ocrx_word' id='word_1_56' title='bbox 740 1285 1021 1350; x_wconf 79' lang='lat' dir='ltr'><strong>gratificari</strong></span> <span class='ocrx_word' id='word_1_57' title='bbox 1040 1291 1209 1348; x_wconf 87' lang='lat' dir='ltr'><strong>tenet,</strong></span> <span class='ocrx_word' id='word_1_58' title='bbox 1224 1285 1371 1351; x_wconf 84' lang='lat' dir='ltr'><strong>poni-</strong></span> 
     </span>
     <span class='ocr_line' id='line_1_12' title="bbox 296 1359 1369 1428; baseline -0.001 -16"><span class='ocrx_word' id='word_1_59' title='bbox 296 1371 391 1412; x_wconf 85' lang='lat' dir='ltr'><strong>tar</strong></span> <span class='ocrx_word' id='word_1_60' title='bbox 408 1377 553 1413; x_wconf 85' lang='lat' dir='ltr'><strong>more</strong></span> <span class='ocrx_word' id='word_1_61' title='bbox 577 1363 881 1414; x_wconf 67' lang='lat' dir='ltr'><strong>Graecorum</strong></span> <span class='ocrx_word' id='word_1_62' title='bbox 904 1377 998 1428; x_wconf 90' lang='lat' dir='ltr'><strong>pro</strong></span> <span class='ocrx_word' id='word_1_63' title='bbox 1023 1359 1369 1428; x_wconf 74' lang='lat' dir='ltr'><strong>gratificandi.</strong></span> 
     </span>
     <span class='ocr_line' id='line_1_13' title="bbox 294 1440 1371 1505; baseline 0.002 -15"><span class='ocrx_word' id='word_1_64' title='bbox 294 1441 395 1504; x_wconf 80' lang='lat' dir='ltr'><strong>sin,</strong></span> <span class='ocrx_word' id='word_1_65' title='bbox 412 1441 573 1491; x_wconf 83' lang='lat' dir='ltr'><strong>libido</strong></span> <span class='ocrx_word' id='word_1_66' title='bbox 597 1448 746 1491; x_wconf 82' lang='lat' dir='ltr'><strong>tenet</strong></span> <span class='ocrx_word' id='word_1_67' title='bbox 768 1440 1070 1505; x_wconf 74' lang='lat' dir='ltr'><strong>gratificari,</strong></span> <span class='ocrx_word' id='word_1_68' title='bbox 1097 1446 1246 1492; x_wconf 84' lang='lat' dir='ltr'><strong>tenet</strong></span> <span class='ocrx_word' id='word_1_69' title='bbox 1279 1455 1371 1505; x_wconf 73' lang='lat' dir='ltr'><strong>po«</strong></span> 
     </span>
     <span class='ocr_line' id='line_1_14' title="bbox 236 1520 1372 1586; baseline 0.003 -18"><span class='ocrx_word' id='word_1_70' title='bbox 236 1557 243 1568; x_wconf 82' lang='grc'>,</span> <span class='ocrx_word' id='word_1_71' title='bbox 300 1521 444 1571; x_wconf 85' lang='lat' dir='ltr'><strong>nitur</strong></span> <span class='ocrx_word' id='word_1_72' title='bbox 462 1522 613 1585; x_wconf 78' lang='lat' dir='ltr'><strong>quasi</strong></span> <span class='ocrx_word' id='word_1_73' title='bbox 633 1534 730 1585; x_wconf 86' lang='lat' dir='ltr'><strong>pro</strong></span> <span class='ocrx_word' id='word_1_74' title='bbox 752 1520 927 1586; x_wconf 65' lang='lat' dir='ltr'><strong>cogit!</strong></span> <span class='ocrx_word' id='word_1_75' title='bbox 961 1521 1096 1570; x_wconf 76' lang='lat' dir='ltr'><strong>Haec</strong></span> <span class='ocrx_word' id='word_1_76' title='bbox 1115 1521 1223 1571; x_wconf 86' lang='lat' dir='ltr'><strong>iile.</strong></span> <span class='ocrx_word' id='word_1_77' title='bbox 1260 1522 1372 1584; x_wconf 83' lang='lat' dir='ltr'><strong>Ego</strong></span> 
     </span>
     <span class='ocr_line' id='line_1_15' title="bbox 302 1597 1375 1662; baseline 0.002 -16"><span class='ocrx_word' id='word_1_78' title='bbox 302 1604 431 1662; x_wconf 79' lang='lat' dir='ltr'><strong>puto</strong></span> <span class='ocrx_word' id='word_1_79' title='bbox 471 1597 707 1647; x_wconf 77' lang='lat' dir='ltr'><strong>ordinem</strong></span> <span class='ocrx_word' id='word_1_80' title='bbox 743 1612 893 1649; x_wconf 72' lang='lat' dir='ltr'><strong>esset</strong></span> <span class='ocrx_word' id='word_1_81' title='bbox 929 1598 1046 1647; x_wconf 78' lang='lat' dir='ltr'><strong>Nisi</strong></span> <span class='ocrx_word' id='word_1_82' title='bbox 1069 1597 1206 1659; x_wconf 78' lang='lat' dir='ltr'><strong>soree</strong></span> <span class='ocrx_word' id='word_1_83' title='bbox 1239 1614 1375 1662; x_wconf 76' lang='lat' dir='ltr'><strong>quem</strong></span> 
     </span>
     <span class='ocr_line' id='line_1_16' title="bbox 297 1673 1377 1739; baseline 0.003 -17"><span class='ocrx_word' id='word_1_84' title='bbox 297 1673 549 1724; x_wconf 65' lang='lat' dir='ltr'><strong>inhonesto</strong></span> <span class='ocrx_word' id='word_1_85' title='bbox 568 1678 616 1724; x_wconf 74' lang='lat' dir='ltr'><strong>et</strong></span> <span class='ocrx_word' id='word_1_86' title='bbox 633 1673 897 1739; x_wconf 69' lang='lat' dir='ltr'><strong>pernicioso</strong></span> <span class='ocrx_word' id='word_1_87' title='bbox 914 1673 1061 1724; x_wconf 76' lang='lat' dir='ltr'><strong>libido</strong></span> <span class='ocrx_word' id='word_1_88' title='bbox 1077 1679 1204 1724; x_wconf 75' lang='lat' dir='ltr'><strong>tenet</strong></span> <span class='ocrx_word' id='word_1_89' title='bbox 1220 1675 1377 1738; x_wconf 66' lang='lat' dir='ltr'><strong>giuti-</strong></span> 
     </span>
     <span class='ocr_line' id='line_1_17' title="bbox 282 1749 1377 1818; baseline -0.001 -16"><span class='ocrx_word' id='word_1_90' title='bbox 282 1752 439 1818; x_wconf 71' lang='lat' dir='ltr'><strong>fioeri</strong></span> <span class='ocrx_word' id='word_1_91' title='bbox 458 1769 479 1811; x_wconf 81' lang='lat'><strong>,-</strong></span> <span class='ocrx_word' id='word_1_92' title='bbox 510 1752 565 1801; x_wconf 84' lang='lat' dir='ltr'><strong>id</strong></span> <span class='ocrx_word' id='word_1_93' title='bbox 586 1759 685 1814; x_wconf 85' lang='lat' dir='ltr'><strong>est,</strong></span> <span class='ocrx_word' id='word_1_94' title='bbox 717 1752 878 1817; x_wconf 74' lang='lat' dir='ltr'><strong>gratis</strong></span> <span class='ocrx_word' id='word_1_95' title='bbox 906 1753 1121 1816; x_wconf 79' lang='lat' dir='ltr'><strong>donare,</strong></span> <span class='ocrx_word' id='word_1_96' title='bbox 1141 1755 1282 1803; x_wconf 75' lang='lat' dir='ltr'><strong>decus</strong></span> <span class='ocrx_word' id='word_1_97' title='bbox 1300 1749 1377 1802; x_wconf 71' lang='grc' dir='ltr'><strong>σε’-</strong></span> 
     </span>
     <span class='ocr_line' id='line_1_18' title="bbox 300 1830 1374 1895; baseline 0 -15"><span class='ocrx_word' id='word_1_98' title='bbox 300 1845 391 1895; x_wconf 67' lang='grc' dir='ltr'>ςιιο</span> <span class='ocrx_word' id='word_1_99' title='bbox 410 1830 680 1887; x_wconf 71' lang='lat' dir='ltr'><strong>libertatem</strong></span> <span class='ocrx_word' id='word_1_100' title='bbox 699 1845 835 1881; x_wconf 74' lang='lat' dir='ltr'><strong>mm</strong></span> <span class='ocrx_word' id='word_1_101' title='bbox 850 1830 1075 1895; x_wconf 69' lang='lat' dir='ltr'><strong>potentia</strong></span> <span class='ocrx_word' id='word_1_102' title='bbox 1101 1843 1374 1895; x_wconf 72' lang='grc' dir='ltr'>ρσιιεοπηιι,</span> 
     </span>
     <span class='ocr_line' id='line_1_19' title="bbox 302 1907 1377 1974; baseline 0.001 -16"><span class='ocrx_word' id='word_1_103' title='bbox 302 1910 453 1974; x_wconf 76' lang='lat' dir='ltr'><strong>quasi</strong></span> <span class='ocrx_word' id='word_1_104' title='bbox 479 1909 714 1959; x_wconf 81' lang='lat' dir='ltr'><strong>diceret:</strong></span> <span class='ocrx_word' id='word_1_105' title='bbox 740 1923 867 1974; x_wconf 80' lang='lat' dir='ltr'><strong>quos</strong></span> <span class='ocrx_word' id='word_1_106' title='bbox 877 1911 1032 1974; x_wconf 77' lang='lat' dir='ltr'><strong>juvat</strong></span> <span class='ocrx_word' id='word_1_107' title='bbox 1047 1907 1160 1959; x_wconf 88' lang='lat' dir='ltr'><strong>fleri</strong></span> <span class='ocrx_word' id='word_1_108' title='bbox 1184 1910 1377 1960; x_wconf 86' lang='lat' dir='ltr'><strong>manci·</strong></span> 
     </span>
     <span class='ocr_line' id='line_1_20' title="bbox 304 1986 767 2050; baseline -0.002 -14"><span class='ocrx_word' id='word_1_109' title='bbox 304 1986 411 2050; x_wconf 83' lang='lat' dir='ltr'><strong>pia.</strong></span> <span class='ocrx_word' id='word_1_110' title='bbox 481 1987 767 2036; x_wconf 67' lang='lat' dir='ltr'><strong>Glareanus.</strong></span> 
     </span>
    </p>

    <p class='ocr_par' dir='ltr' id='par_1_4' title="bbox 301 2063 1399 3676">
     <span class='ocr_line' id='line_1_21' title="bbox 372 2063 1380 2129; baseline 0.002 -15"><span class='ocrx_word' id='word_1_111' title='bbox 372 2064 508 2114; x_wconf 70' lang='lat' dir='ltr'>CAP.</span> <span class='ocrx_word' id='word_1_112' title='bbox 524 2070 557 2116; x_wconf 71' lang='lat'>4</span> <span class='ocrx_word' id='word_1_113' title='bbox 576 2067 722 2115; x_wconf 74' lang='lat' dir='ltr'><strong>Certe</strong></span> <span class='ocrx_word' id='word_1_114' title='bbox 734 2065 901 2129; x_wconf 68' lang='lat' dir='ltr'><strong>quibus</strong></span> <span class='ocrx_word' id='word_1_115' title='bbox 916 2065 1126 2116; x_wconf 69' lang='lat' dir='ltr'><strong>maxim</strong></span> <span class='ocrx_word' id='word_1_116' title='bbox 1139 2063 1380 2116; x_wconf 72' lang='lat' dir='ltr'><strong>industria</strong></span> 
     </span>
     <span class='ocr_line' id='line_1_22' title="bbox 301 2139 1379 2206; baseline 0 -16"><span class='ocrx_word' id='word_1_117' title='bbox 301 2139 513 2204; x_wconf 63' lang='lat' dir='ltr'><strong>videtur,</strong></span> <span class='ocrx_word' id='word_1_118' title='bbox 527 2143 739 2192; x_wconf 59' lang='lat' dir='ltr'><strong>mlum</strong></span> <span class='ocrx_word' id='word_1_119' title='bbox 750 2142 952 2206; x_wconf 81' lang='lat' dir='ltr'><strong><em>plebem,</em></strong></span> <span class='ocrx_word' id='word_1_120' title='bbox 968 2148 1014 2193; x_wconf 74' lang='lat' dir='ltr'><strong>et</strong></span> <span class='ocrx_word' id='word_1_121' title='bbox 1030 2143 1257 2192; x_wconf 70' lang='lat' dir='ltr'><strong>conviviis</strong></span> <span class='ocrx_word' id='word_1_122' title='bbox 1272 2144 1379 2205; x_wconf 80' lang='lat' dir='ltr'><strong>glo-</strong></span> 
     </span>
     <span class='ocr_line' id='line_1_23' title="bbox 303 2217 1384 2284; baseline 0.003 -18"><span class='ocrx_word' id='word_1_123' title='bbox 303 2217 433 2267; x_wconf 67' lang='lat' dir='ltr'><strong>riam</strong></span> <span class='ocrx_word' id='word_1_124' title='bbox 474 2219 705 2284; x_wconf 71' lang='lat' dir='ltr'><strong>querere]</strong></span> <span class='ocrx_word' id='word_1_125' title='bbox 754 2220 819 2269; x_wconf 90' lang='lat' dir='ltr'><strong>In</strong></span> <span class='ocrx_word' id='word_1_126' title='bbox 854 2221 983 2271; x_wconf 85' lang='lat' dir='ltr'><strong>Mss.</strong></span> <span class='ocrx_word' id='word_1_127' title='bbox 1021 2229 1122 2284; x_wconf 87' lang='lat' dir='ltr'><strong>est,</strong></span> <span class='ocrx_word' id='word_1_128' title='bbox 1157 2221 1384 2270; x_wconf 67' lang='lat' dir='ltr'><strong>conviviis</strong></span> 
     </span>
     <span class='ocr_line' id='line_1_24' title="bbox 302 2294 1380 2361; baseline 0.002 -17"><span class='ocrx_word' id='word_1_129' title='bbox 302 2294 525 2356; x_wconf 65' lang='lat' dir='ltr'><strong>gratim</strong></span> <span class='ocrx_word' id='word_1_130' title='bbox 538 2309 747 2359; x_wconf 65' lang='lat' dir='ltr'><strong>querere</strong></span> <span class='ocrx_word' id='word_1_131' title='bbox 761 2313 778 2345; x_wconf 91' lang='grc'><strong>.·</strong></span> <span class='ocrx_word' id='word_1_132' title='bbox 800 2309 897 2361; x_wconf 83' lang='lat' dir='ltr'><strong>pro</strong></span> <span class='ocrx_word' id='word_1_133' title='bbox 914 2297 1137 2360; x_wconf 71' lang='lat' dir='ltr'><strong><em>colligere</em></strong></span> <span class='ocrx_word' id='word_1_134' title='bbox 1148 2297 1380 2360; x_wconf 72' lang='lat' dir='ltr'><strong>gratiam,</strong></span> 
     </span>
     <span class='ocr_line' id='line_1_25' title="bbox 307 2374 1385 2439; baseline 0.003 -19"><span class='ocrx_word' id='word_1_135' title='bbox 307 2375 359 2420; x_wconf 72' lang='lat' dir='ltr'><strong>ct</strong></span> <span class='ocrx_word' id='word_1_136' title='bbox 395 2378 605 2437; x_wconf 74' lang='lat' dir='ltr'><strong>captare·</strong></span> <span class='ocrx_word' id='word_1_137' title='bbox 625 2378 768 2439; x_wconf 73' lang='lat' dir='ltr'><strong>atque</strong></span> <span class='ocrx_word' id='word_1_138' title='bbox 816 2376 1046 2439; x_wconf 68' lang='lat' dir='ltr'><strong>aucupari</strong></span> <span class='ocrx_word' id='word_1_139' title='bbox 1072 2374 1292 2435; x_wconf 79' lang='lat' dir='ltr'><strong>favorem</strong></span> <span class='ocrx_word' id='word_1_140' title='bbox 1334 2379 1385 2423; x_wconf 77' lang='lat' dir='ltr'><strong>et</strong></span> 
     </span>
     <span class='ocr_line' id='line_1_26' title="bbox 309 2448 1386 2515; baseline 0.002 -17"><span class='ocrx_word' id='word_1_141' title='bbox 309 2448 679 2500; x_wconf 71' lang='lat' dir='ltr'><strong>benevolentiam</strong></span> <span class='ocrx_word' id='word_1_142' title='bbox 715 2451 1056 2514; x_wconf 68' lang='lat' dir='ltr'><strong>multitudinis,</strong></span> <span class='ocrx_word' id='word_1_143' title='bbox 1095 2451 1386 2515; x_wconf 75' lang='lat' dir='ltr'><strong>apparandis</strong></span> 
     </span>
     <span class='ocr_line' id='line_1_27' title="bbox 309 2526 1381 2592; baseline 0.002 -16"><span class='ocrx_word' id='word_1_144' title='bbox 309 2526 557 2577; x_wconf 64' lang='lat' dir='ltr'><strong>eoi-viciis.</strong></span> <span class='ocrx_word' id='word_1_145' title='bbox 622 2527 727 2577; x_wconf 83' lang='lat' dir='ltr'><strong>Sed</strong></span> <span class='ocrx_word' id='word_1_146' title='bbox 767 2542 866 2578; x_wconf 89' lang='lat' dir='ltr'><strong>nec</strong></span> <span class='ocrx_word' id='word_1_147' title='bbox 901 2529 1109 2590; x_wconf 74' lang='lat' dir='ltr'><strong>gloriam</strong></span> <span class='ocrx_word' id='word_1_148' title='bbox 1130 2527 1381 2592; x_wconf 87' lang='lat' dir='ltr'><strong>repudio:</strong></span> 
     </span>
     <span class='ocr_line' id='line_1_28' title="bbox 312 2601 1386 2669; baseline -0.001 -16"><span class='ocrx_word' id='word_1_149' title='bbox 312 2601 511 2653; x_wconf 76' lang='lat' dir='ltr'><strong>etenim</strong></span> <span class='ocrx_word' id='word_1_150' title='bbox 542 2609 667 2667; x_wconf 82' lang='lat' dir='ltr'><strong>apte</strong></span> <span class='ocrx_word' id='word_1_151' title='bbox 703 2617 827 2652; x_wconf 83' lang='lat' dir='ltr'><strong>saue</strong></span> <span class='ocrx_word' id='word_1_152' title='bbox 857 2605 1098 2669; x_wconf 82' lang='lat' dir='ltr'><strong>quadrat.</strong></span> <span class='ocrx_word' id='word_1_153' title='bbox 1164 2603 1317 2655; x_wconf 82' lang='lat' dir='ltr'><strong>Quod</strong></span> <span class='ocrx_word' id='word_1_154' title='bbox 1340 2603 1386 2653; x_wconf 86' lang='lat' dir='ltr'><strong>si</strong></span> 
     </span>
     <span class='ocr_line' id='line_1_29' title="bbox 306 2680 1386 2746; baseline 0.002 -18"><span class='ocrx_word' id='word_1_155' title='bbox 306 2680 525 2742; x_wconf 60' lang='lat' dir='ltr'><strong>mutiam</strong></span> <span class='ocrx_word' id='word_1_156' title='bbox 561 2681 737 2743; x_wconf 75' lang='lat' dir='ltr'><strong>legere</strong></span> <span class='ocrx_word' id='word_1_157' title='bbox 778 2682 946 2744; x_wconf 80' lang='lat' dir='ltr'><strong>malis,</strong></span> <span class='ocrx_word' id='word_1_158' title='bbox 982 2680 1038 2730; x_wconf 90' lang='lat' dir='ltr'><strong>id</strong></span> <span class='ocrx_word' id='word_1_159' title='bbox 1082 2680 1220 2746; x_wconf 86' lang='lat' dir='ltr'><strong>quod</strong></span> <span class='ocrx_word' id='word_1_160' title='bbox 1262 2680 1386 2730; x_wconf 80' lang='lat' dir='ltr'><strong>mibi</strong></span> 
     </span>
     <span class='ocr_line' id='line_1_30' title="bbox 312 2757 1389 2822; baseline 0.001 -16"><span class='ocrx_word' id='word_1_161' title='bbox 312 2757 479 2821; x_wconf 66' lang='lat' dir='ltr'><strong>magis</strong></span> <span class='ocrx_word' id='word_1_162' title='bbox 501 2757 715 2822; x_wconf 86' lang='lat' dir='ltr'><strong>arridet,</strong></span> <span class='ocrx_word' id='word_1_163' title='bbox 737 2758 803 2807; x_wconf 77' lang='lat' dir='ltr'><strong>ad</strong></span> <span class='ocrx_word' id='word_1_164' title='bbox 826 2757 1196 2808; x_wconf 73' lang='lat' dir='ltr'><strong>liberalitatem</strong></span> <span class='ocrx_word' id='word_1_165' title='bbox 1218 2763 1278 2807; x_wconf 87' lang='lat' dir='ltr'><strong>et</strong></span> <span class='ocrx_word' id='word_1_166' title='bbox 1297 2757 1389 2807; x_wconf 83' lang='lat' dir='ltr'><strong>be-</strong></span> 
     </span>
     <span class='ocr_line' id='line_1_31' title="bbox 311 2836 1389 2902; baseline 0 -17"><span class='ocrx_word' id='word_1_167' title='bbox 311 2836 620 2901; x_wconf 68' lang='lat' dir='ltr'><strong>nignitatem</strong></span> <span class='ocrx_word' id='word_1_168' title='bbox 638 2838 1005 2902; x_wconf 83' lang='lat' dir='ltr'><strong>opulentorum</strong></span> <span class='ocrx_word' id='word_1_169' title='bbox 1025 2853 1039 2900; x_wconf 72' lang='grc' dir='ltr'><strong>ς</strong></span> <span class='ocrx_word' id='word_1_170' title='bbox 1073 2836 1149 2887; x_wconf 84' lang='lat' dir='ltr'><strong>sin</strong></span> <span class='ocrx_word' id='word_1_171' title='bbox 1168 2836 1389 2901; x_wconf 74' lang='lat' dir='ltr'><strong>gloriam,</strong></span> 
     </span>
     <span class='ocr_line' id='line_1_32' title="bbox 312 2913 1390 2980; baseline 0.002 -17"><span class='ocrx_word' id='word_1_172' title='bbox 312 2913 383 2964; x_wconf 65' lang='lat' dir='ltr'><strong>nd</strong></span> <span class='ocrx_word' id='word_1_173' title='bbox 421 2913 859 2978; x_wconf 74' lang='lat' dir='ltr'><strong>magnificentiam</strong></span> <span class='ocrx_word' id='word_1_174' title='bbox 918 2922 975 2966; x_wconf 87' lang='lat' dir='ltr'><strong>et</strong></span> <span class='ocrx_word' id='word_1_175' title='bbox 1038 2917 1390 2980; x_wconf 76' lang='lat' dir='ltr'><strong>splendorem,</strong></span> 
     </span>
     <span class='ocr_line' id='line_1_33' title="bbox 316 2992 1390 3059; baseline 0 -17"><span class='ocrx_word' id='word_1_176' title='bbox 316 2992 619 3056; x_wconf 72' lang='lat' dir='ltr'><strong>spectabis:</strong></span> <span class='ocrx_word' id='word_1_177' title='bbox 668 3006 789 3043; x_wconf 83' lang='lat' dir='ltr'><strong>nam</strong></span> <span class='ocrx_word' id='word_1_178' title='bbox 832 2997 887 3042; x_wconf 85' lang='lat' dir='ltr'><strong>et</strong></span> <span class='ocrx_word' id='word_1_179' title='bbox 924 2994 1011 3059; x_wconf 86' lang='lat' dir='ltr'><strong>qui</strong></span> <span class='ocrx_word' id='word_1_180' title='bbox 1055 2993 1297 3044; x_wconf 79' lang='lat' dir='ltr'><strong>convivia</strong></span> <span class='ocrx_word' id='word_1_181' title='bbox 1328 2993 1390 3042; x_wconf 88' lang='lat' dir='ltr'><strong>li-</strong></span> 
     </span>
     <span class='ocr_line' id='line_1_34' title="bbox 320 3069 1391 3135; baseline -0.002 -15"><span class='ocrx_word' id='word_1_182' title='bbox 320 3069 513 3120; x_wconf 80' lang='lat' dir='ltr'><strong>benter</strong></span> <span class='ocrx_word' id='word_1_183' title='bbox 555 3069 819 3134; x_wconf 78' lang='lat' dir='ltr'><strong>exhibent,</strong></span> <span class='ocrx_word' id='word_1_184' title='bbox 859 3076 951 3121; x_wconf 87' lang='lat' dir='ltr'><strong>aut</strong></span> <span class='ocrx_word' id='word_1_185' title='bbox 988 3070 1204 3134; x_wconf 87' lang='lat' dir='ltr'><strong>epulum</strong></span> <span class='ocrx_word' id='word_1_186' title='bbox 1235 3071 1391 3135; x_wconf 79' lang='lat' dir='ltr'><strong>vulgo</strong></span> 
     </span>
     <span class='ocr_line' id='line_1_35' title="bbox 316 3144 1392 3214; baseline 0.004 -19"><span class='ocrx_word' id='word_1_187' title='bbox 316 3144 463 3209; x_wconf 70' lang='lat' dir='ltr'><strong>dant,</strong></span> <span class='ocrx_word' id='word_1_188' title='bbox 482 3148 722 3208; x_wconf 59' lang='lat' dir='ltr'><strong>‘rdiam</strong></span> <span class='ocrx_word' id='word_1_189' title='bbox 744 3148 835 3212; x_wconf 85' lang='lat' dir='ltr'><strong>qni</strong></span> <span class='ocrx_word' id='word_1_190' title='bbox 857 3149 1001 3199; x_wconf 74' lang='lat' dir='ltr'><strong>laute</strong></span> <span class='ocrx_word' id='word_1_191' title='bbox 1019 3153 1076 3199; x_wconf 89' lang='lat' dir='ltr'><strong>et</strong></span> <span class='ocrx_word' id='word_1_192' title='bbox 1091 3154 1392 3214; x_wconf 79' lang='lat' dir='ltr'><strong>sumptuoso</strong></span> 
     </span>
     <span class='ocr_line' id='line_1_36' title="bbox 318 3225 1391 3292; baseline 0.003 -19"><span class='ocrx_word' id='word_1_193' title='bbox 318 3231 596 3289; x_wconf 75' lang='lat' dir='ltr'><strong>apparatu,</strong></span> <span class='ocrx_word' id='word_1_194' title='bbox 647 3225 852 3288; x_wconf 73' lang='lat' dir='ltr'><strong>glor-iant</strong></span> <span class='ocrx_word' id='word_1_195' title='bbox 902 3227 1153 3292; x_wconf 76' lang='lat' dir='ltr'><strong>consequi</strong></span> <span class='ocrx_word' id='word_1_196' title='bbox 1207 3227 1391 3276; x_wconf 77' lang='lat' dir='ltr'><strong>solent.</strong></span> 
     </span>
     <span class='ocr_line' id='line_1_37' title="bbox 316 3302 1397 3370; baseline 0.003 -18"><span class='ocrx_word' id='word_1_197' title='bbox 316 3302 593 3367; x_wconf 71' lang='lat' dir='ltr'><strong>intelliges</strong></span> <span class='ocrx_word' id='word_1_198' title='bbox 610 3311 784 3354; x_wconf 81' lang='lat' dir='ltr'><strong>autem</strong></span> <span class='ocrx_word' id='word_1_199' title='bbox 802 3304 937 3355; x_wconf 82' lang='lat' dir='ltr'><strong>hunc</strong></span> <span class='ocrx_word' id='word_1_200' title='bbox 952 3305 1124 3357; x_wconf 83' lang='lat' dir='ltr'><strong>locum</strong></span> <span class='ocrx_word' id='word_1_201' title='bbox 1145 3304 1212 3355; x_wconf 87' lang='lat' dir='ltr'><strong>de</strong></span> <span class='ocrx_word' id='word_1_202' title='bbox 1231 3304 1397 3370; x_wconf 87' lang='lat' dir='ltr'><strong>publi-</strong></span> 
     </span>
     <span class='ocr_line' id='line_1_38' title="bbox 319 3379 1394 3446; baseline 0.004 -17"><span class='ocrx_word' id='word_1_203' title='bbox 319 3379 398 3429; x_wconf 84' lang='lat' dir='ltr'><strong>cis</strong></span> <span class='ocrx_word' id='word_1_204' title='bbox 420 3380 692 3442; x_wconf 79' lang='lat' dir='ltr'><strong>conviviis,</strong></span> <span class='ocrx_word' id='word_1_205' title='bbox 712 3381 898 3446; x_wconf 79' lang='lat' dir='ltr'><strong>quibus</strong></span> <span class='ocrx_word' id='word_1_206' title='bbox 920 3381 1269 3432; x_wconf 82' lang='lat' dir='ltr'><strong>multitudinis</strong></span> <span class='ocrx_word' id='word_1_207' title='bbox 1286 3390 1394 3433; x_wconf 85' lang='lat' dir='ltr'><strong>stu·</strong></span> 
     </span>
     <span class='ocr_line' id='line_1_39' title="bbox 322 3456 1399 3510; baseline 0.002 -4"><span class='ocrx_word' id='word_1_208' title='bbox 322 3456 467 3507; x_wconf 79' lang='lat' dir='ltr'><strong>dium</strong></span> <span class='ocrx_word' id='word_1_209' title='bbox 491 3464 549 3507; x_wconf 87' lang='lat' dir='ltr'><strong>et</strong></span> <span class='ocrx_word' id='word_1_210' title='bbox 578 3471 808 3508; x_wconf 82' lang='lat' dir='ltr'><strong>amorem</strong></span> <span class='ocrx_word' id='word_1_211' title='bbox 846 3458 948 3510; x_wconf 87' lang='lat' dir='ltr'><strong>sibi</strong></span> <span class='ocrx_word' id='word_1_212' title='bbox 979 3460 1211 3510; x_wconf 80' lang='lat' dir='ltr'><strong>homines</strong></span> <span class='ocrx_word' id='word_1_213' title='bbox 1240 3459 1399 3510; x_wconf 84' lang='lat' dir='ltr'><strong>ambi-</strong></span> 
     </span>
     <span class='ocr_line' id='line_1_40' title="bbox 324 3535 1398 3601; baseline 0.002 -18"><span class='ocrx_word' id='word_1_214' title='bbox 324 3535 449 3584; x_wconf 81' lang='lat' dir='ltr'><strong>tiosi</strong></span> <span class='ocrx_word' id='word_1_215' title='bbox 481 3535 864 3586; x_wconf 76' lang='lat' dir='ltr'><strong>conciliabant:</strong></span> <span class='ocrx_word' id='word_1_216' title='bbox 902 3552 1003 3601; x_wconf 81' lang='lat' dir='ltr'><strong>qua</strong></span> <span class='ocrx_word' id='word_1_217' title='bbox 1027 3536 1092 3587; x_wconf 89' lang='lat' dir='ltr'><strong>de</strong></span> <span class='ocrx_word' id='word_1_218' title='bbox 1126 3551 1185 3586; x_wconf 89' lang='lat' dir='ltr'><strong>re</strong></span> <span class='ocrx_word' id='word_1_219' title='bbox 1210 3536 1398 3587; x_wconf 85' lang='lat' dir='ltr'><strong>Cicero</strong></span> 
     </span>
     <span class='ocr_line' id='line_1_41' title="bbox 325 3611 1366 3676; baseline 0.001 -15"><span class='ocrx_word' id='word_1_220' title='bbox 325 3612 383 3661; x_wconf 86' lang='lat' dir='ltr'><strong>in</strong></span> <span class='ocrx_word' id='word_1_221' title='bbox 407 3611 647 3662; x_wconf 81' lang='lat' dir='ltr'><strong>oratione</strong></span> <span class='ocrx_word' id='word_1_222' title='bbox 672 3627 764 3676; x_wconf 82' lang='lat' dir='ltr'><strong>pro</strong></span> <span class='ocrx_word' id='word_1_223' title='bbox 790 3613 854 3662; x_wconf 87' lang='lat' dir='ltr'><strong>L.</strong></span> <span class='ocrx_word' id='word_1_224' title='bbox 877 3614 1119 3663; x_wconf 77' lang='lat' dir='ltr'><strong>Murena.</strong></span> <span class='ocrx_word' id='word_1_225' title='bbox 1174 3614 1366 3663; x_wconf 72' lang='lat' dir='ltr'><strong>Rivius.</strong></span> 
     </span>
    </p>

    <p class='ocr_par' dir='ltr' id='par_1_5' title="bbox 322 3689 1404 4297">
     <span class='ocr_line' id='line_1_42' title="bbox 392 3689 1398 3755; baseline 0.002 -17"><span class='ocrx_word' id='word_1_226' title='bbox 392 3689 465 3738; x_wconf 65' lang='lat' dir='ltr'><strong>Et</strong></span> <span class='ocrx_word' id='word_1_227' title='bbox 501 3689 733 3739; x_wconf 70' lang='lat' dir='ltr'><strong>conuiuiis</strong></span> <span class='ocrx_word' id='word_1_228' title='bbox 762 3690 978 3752; x_wconf 67' lang='lat' dir='ltr'><strong>gratim</strong></span> <span class='ocrx_word' id='word_1_229' title='bbox 1021 3689 1249 3755; x_wconf 68' lang='lat' dir='ltr'><strong>quaerere]</strong></span> <span class='ocrx_word' id='word_1_230' title='bbox 1292 3690 1398 3742; x_wconf 81' lang='lat' dir='ltr'><strong>Qui</strong></span> 
     </span>
     <span class='ocr_line' id='line_1_43' title="bbox 322 3766 1401 3834; baseline -0.001 -17"><span class='ocrx_word' id='word_1_231' title='bbox 322 3766 409 3818; x_wconf 69' lang='lat' dir='ltr'><strong>nie</strong></span> <span class='ocrx_word' id='word_1_232' title='bbox 446 3766 715 3817; x_wconf 78' lang='lat' dir='ltr'><strong>adducunt</strong></span> <span class='ocrx_word' id='word_1_233' title='bbox 743 3769 967 3832; x_wconf 70' lang='lat' dir='ltr'><strong>gloriam,</strong></span> <span class='ocrx_word' id='word_1_234' title='bbox 998 3776 1243 3834; x_wconf 85' lang='lat' dir='ltr'><strong>tauquam</strong></span> <span class='ocrx_word' id='word_1_235' title='bbox 1285 3781 1401 3832; x_wconf 81' lang='lat' dir='ltr'><strong>ger·</strong></span> 
     </span>
     <span class='ocr_line' id='line_1_44' title="bbox 325 3846 1403 3911; baseline 0 -17"><span class='ocrx_word' id='word_1_236' title='bbox 325 3858 534 3895; x_wconf 81' lang='lat' dir='ltr'><strong>manum</strong></span> <span class='ocrx_word' id='word_1_237' title='bbox 568 3847 752 3910; x_wconf 82' lang='lat' dir='ltr'><strong>magis,</strong></span> <span class='ocrx_word' id='word_1_238' title='bbox 774 3861 954 3911; x_wconf 82' lang='lat' dir='ltr'><strong>parum</strong></span> <span class='ocrx_word' id='word_1_239' title='bbox 990 3846 1285 3909; x_wconf 74' lang='lat' dir='ltr'><strong>attendunt,</strong></span> <span class='ocrx_word' id='word_1_240' title='bbox 1310 3850 1403 3894; x_wconf 80' lang='lat' dir='ltr'><strong>aut</strong></span> 
     </span>
     <span class='ocr_line' id='line_1_45' title="bbox 324 3921 1402 3988; baseline 0.003 -17"><span class='ocrx_word' id='word_1_241' title='bbox 324 3921 561 3973; x_wconf 79' lang='lat' dir='ltr'><strong>historiis</strong></span> <span class='ocrx_word' id='word_1_242' title='bbox 579 3931 672 3974; x_wconf 83' lang='lat' dir='ltr'><strong>aut</strong></span> <span class='ocrx_word' id='word_1_243' title='bbox 701 3923 949 3988; x_wconf 82' lang='lat' dir='ltr'><strong>politicis.</strong></span> <span class='ocrx_word' id='word_1_244' title='bbox 1016 3925 1259 3975; x_wconf 78' lang='lat' dir='ltr'><strong>Salutant</strong></span> <span class='ocrx_word' id='word_1_245' title='bbox 1290 3924 1402 3988; x_wconf 88' lang='lat' dir='ltr'><strong>ple·</strong></span> 
     </span>
     <span class='ocr_line' id='line_1_46' title="bbox 328 3998 1402 4064; baseline 0.001 -16"><span class='ocrx_word' id='word_1_246' title='bbox 328 3998 486 4059; x_wconf 84' lang='lat' dir='ltr'><strong>bem;</strong></span> <span class='ocrx_word' id='word_1_247' title='bbox 531 3999 769 4050; x_wconf 80' lang='lat' dir='ltr'><strong>convivia</strong></span> <span class='ocrx_word' id='word_1_248' title='bbox 806 4000 1076 4064; x_wconf 80' lang='lat' dir='ltr'><strong>praebent3</strong></span> <span class='ocrx_word' id='word_1_249' title='bbox 1123 4014 1225 4050; x_wconf 89' lang='lat' dir='ltr'><strong>non</strong></span> <span class='ocrx_word' id='word_1_250' title='bbox 1264 4012 1402 4050; x_wconf 79' lang='lat' dir='ltr'><strong>asse·</strong></span> 
     </span>
     <span class='ocr_line' id='line_1_47' title="bbox 331 4076 1403 4142; baseline 0.001 -17"><span class='ocrx_word' id='word_1_251' title='bbox 331 4076 442 4125; x_wconf 82' lang='lat' dir='ltr'><strong>cuti</strong></span> <span class='ocrx_word' id='word_1_252' title='bbox 464 4076 673 4126; x_wconf 80' lang='lat' dir='ltr'><strong>culmen</strong></span> <span class='ocrx_word' id='word_1_253' title='bbox 709 4076 982 4137; x_wconf 81' lang='lat' dir='ltr'><strong>honorum,</strong></span> <span class='ocrx_word' id='word_1_254' title='bbox 1006 4076 1099 4127; x_wconf 85' lang='lat' dir='ltr'><strong>sed</strong></span> <span class='ocrx_word' id='word_1_255' title='bbox 1124 4076 1214 4142; x_wconf 89' lang='lat' dir='ltr'><strong>qui</strong></span> <span class='ocrx_word' id='word_1_256' title='bbox 1234 4076 1403 4126; x_wconf 82' lang='lat' dir='ltr'><strong>adbuc</strong></span> 
     </span>
     <span class='ocr_line' id='line_1_48' title="bbox 331 4153 1404 4220; baseline -0.002 -16"><span class='ocrx_word' id='word_1_257' title='bbox 331 4167 397 4204; x_wconf 81' lang='lat' dir='ltr'><strong>eo</strong></span> <span class='ocrx_word' id='word_1_258' title='bbox 449 4153 750 4218; x_wconf 53' lang='lat' dir='ltr'><strong>admit-ann</strong></span> <span class='ocrx_word' id='word_1_259' title='bbox 798 4169 830 4203; x_wconf 84' lang='lat' dir='ltr'><strong>a</strong></span> <span class='ocrx_word' id='word_1_260' title='bbox 884 4154 1071 4220; x_wconf 85' lang='lat' dir='ltr'><strong>quibus</strong></span> <span class='ocrx_word' id='word_1_261' title='bbox 1128 4153 1404 4203; x_wconf 76' lang='lat' dir='ltr'><strong>admodum</strong></span> 
     </span>
     <span class='ocr_line' id='line_1_49' title="bbox 330 4231 1404 4297; baseline 0.001 -16"><span class='ocrx_word' id='word_1_262' title='bbox 330 4231 487 4296; x_wconf 76' lang='lat' dir='ltr'><strong>longe</strong></span> <span class='ocrx_word' id='word_1_263' title='bbox 509 4232 661 4282; x_wconf 80' lang='lat' dir='ltr'><strong>abest</strong></span> <span class='ocrx_word' id='word_1_264' title='bbox 680 4232 952 4283; x_wconf 67' lang='lat' dir='ltr'><strong>industria</strong></span> <span class='ocrx_word' id='word_1_265' title='bbox 974 4233 1065 4282; x_wconf 84' lang='lat' dir='ltr'><strong>illa</strong></span> <span class='ocrx_word' id='word_1_266' title='bbox 1095 4233 1269 4297; x_wconf 87' lang='lat' dir='ltr'><strong>proles</strong></span> <span class='ocrx_word' id='word_1_267' title='bbox 1296 4232 1404 4296; x_wconf 81' lang='lat' dir='ltr'><strong>glo·</strong></span> 
     </span>
    </p>
   </div>
   <div class='ocr_carea' id='block_1_3' title="bbox 338 4307 1415 4373">
    <p class='ocr_par' dir='ltr' id='par_1_6' title="bbox 338 4307 1415 4373">
     <span class='ocr_line' id='line_1_50' title="bbox 338 4307 1415 4373; baseline 0 -15"><span class='ocrx_word' id='word_1_268' title='bbox 338 4309 435 4361; x_wconf 78' lang='lat' dir='ltr'><strong>ria.</strong></span> <span class='ocrx_word' id='word_1_269' title='bbox 516 4311 591 4359; x_wconf 85' lang='lat' dir='ltr'><strong>Et</strong></span> <span class='ocrx_word' id='word_1_270' title='bbox 634 4321 760 4360; x_wconf 75' lang='lat' dir='ltr'><strong>vero</strong></span> <span class='ocrx_word' id='word_1_271' title='bbox 804 4310 937 4359; x_wconf 72' lang='lat' dir='ltr'><strong>Mss-</strong></span> <span class='ocrx_word' id='word_1_272' title='bbox 974 4308 1143 4359; x_wconf 87' lang='lat' dir='ltr'><strong>nostri</strong></span> <span class='ocrx_word' id='word_1_273' title='bbox 1185 4307 1415 4373; x_wconf 81' lang='lat' dir='ltr'><strong>primam·</strong></span> 
     </span>
    </p>
   </div>
   <div class='ocr_carea' id='block_1_4' title="bbox 337 4383 1373 4454">
    <p class='ocr_par' dir='ltr' id='par_1_7' title="bbox 337 4383 1373 4454">
     <span class='ocr_line' id='line_1_51' title="bbox 337 4383 1373 4454; baseline -0.002 -17"><span class='ocrx_word' id='word_1_274' title='bbox 337 4387 651 4454; x_wconf 77' lang='lat' dir='ltr'><strong>scripturam</strong></span> <span class='ocrx_word' id='word_1_275' title='bbox 673 4386 949 4438; x_wconf 53' lang='lat' dir='ltr'><strong>mordicus</strong></span> <span class='ocrx_word' id='word_1_276' title='bbox 960 4393 1159 4438; x_wconf 85' lang='lat' dir='ltr'><strong>tenent.</strong></span> <span class='ocrx_word' id='word_1_277' title='bbox 1204 4383 1373 4436; x_wconf 68' lang='lat' dir='ltr'><strong>&#39;Gi-ut.</strong></span> 
     </span>
    </p>
   </div>
   <div class='ocr_carea' id='block_1_5' title="bbox 2371 415 2508 486">
    <p class='ocr_par' dir='ltr' id='par_1_8' title="bbox 2371 415 2508 486">
     <span class='ocr_line' id='line_1_52' title="bbox 2371 415 2508 486; baseline -0.007 0"><span class='ocrx_word' id='word_1_278' title='bbox 2371 415 2508 486; x_wconf 63' lang='lat'><strong>31¹2</strong></span> 
     </span>
    </p>
   </div>
   <div class='ocr_carea' id='block_1_6' title="bbox 1438 593 2555 4450">
    <p class='ocr_par' dir='ltr' id='par_1_9' title="bbox 1439 593 2508 810">
     <span class='ocr_line' id='line_1_53' title="bbox 1505 593 2506 659; baseline 0.001 -17"><span class='ocrx_word' id='word_1_279' title='bbox 1505 593 1754 643; x_wconf 65' lang='lat' dir='ltr'><strong>Caninii:</strong></span> <span class='ocrx_word' id='word_1_280' title='bbox 1793 593 2029 659; x_wconf 75' lang='lat' dir='ltr'><strong>gratiam]</strong></span> <span class='ocrx_word' id='word_1_281' title='bbox 2087 594 2376 645; x_wconf 74' lang='lat' dir='ltr'><strong>palmerius</strong></span> <span class='ocrx_word' id='word_1_282' title='bbox 2414 608 2506 644; x_wconf 81' lang='lat' dir='ltr'><strong>ex-</strong></span> 
     </span>
     <span class='ocr_line' id='line_1_54' title="bbox 1439 671 2508 736; baseline 0.002 -17"><span class='ocrx_word' id='word_1_283' title='bbox 1439 676 1637 734; x_wconf 82' lang='lat' dir='ltr'><strong>puncta</strong></span> <span class='ocrx_word' id='word_1_284' title='bbox 1670 685 1802 721; x_wconf 81' lang='lat' dir='ltr'><strong>voce</strong></span> <span class='ocrx_word' id='word_1_285' title='bbox 1842 672 1987 736; x_wconf 78' lang='lat' dir='ltr'><strong>legit,</strong></span> <span class='ocrx_word' id='word_1_286' title='bbox 2020 671 2249 721; x_wconf 74' lang='lat' dir='ltr'><strong>conviviis</strong></span> <span class='ocrx_word' id='word_1_287' title='bbox 2282 685 2508 736; x_wconf 73' lang='lat' dir='ltr'><strong>quarere,</strong></span> 
     </span>
     <span class='ocr_line' id='line_1_55' title="bbox 1439 749 2452 810; baseline 0.001 -14"><span class='ocrx_word' id='word_1_288' title='bbox 1439 762 1557 796; x_wconf 84' lang='lat' dir='ltr'><strong>mea</strong></span> <span class='ocrx_word' id='word_1_289' title='bbox 1577 749 1858 810; x_wconf 81' lang='lat' dir='ltr'><strong>sententia,</strong></span> <span class='ocrx_word' id='word_1_290' title='bbox 1878 749 2029 798; x_wconf 79' lang='lat' dir='ltr'><strong>nimis</strong></span> <span class='ocrx_word' id='word_1_291' title='bbox 2055 754 2227 799; x_wconf 84' lang='lat' dir='ltr'><strong>acute.</strong></span> <span class='ocrx_word' id='word_1_292' title='bbox 2296 749 2452 798; x_wconf 73' lang='lat' dir='ltr'><strong>Coler-</strong></span> 
     </span>
    </p>

    <p class='ocr_par' dir='ltr' id='par_1_10' title="bbox 1438 825 2533 2813">
     <span class='ocr_line' id='line_1_56' title="bbox 1507 825 2510 891; baseline 0 -15"><span class='ocrx_word' id='word_1_293' title='bbox 1507 825 1574 882; x_wconf 87' lang='lat' dir='ltr'><strong>Q.</strong></span> <span class='ocrx_word' id='word_1_294' title='bbox 1598 826 1892 891; x_wconf 70' lang='lat' dir='ltr'><strong>Maximam]</strong></span> <span class='ocrx_word' id='word_1_295' title='bbox 1926 826 2047 876; x_wconf 83' lang='lat' dir='ltr'><strong>Fuit</strong></span> <span class='ocrx_word' id='word_1_296' title='bbox 2071 825 2115 876; x_wconf 85' lang='lat' dir='ltr'><strong>is</strong></span> <span class='ocrx_word' id='word_1_297' title='bbox 2142 840 2208 875; x_wconf 83' lang='lat' dir='ltr'><strong>ex</strong></span> <span class='ocrx_word' id='word_1_298' title='bbox 2229 825 2510 876; x_wconf 76' lang='lat' dir='ltr'><strong>Fabiorum</strong></span> 
     </span>
     <span class='ocr_line' id='line_1_57' title="bbox 1439 901 2512 955; baseline -0.001 -2"><span class='ocrx_word' id='word_1_299' title='bbox 1439 903 1651 955; x_wconf 81' lang='lat' dir='ltr'><strong>familia.</strong></span> <span class='ocrx_word' id='word_1_300' title='bbox 1719 903 1866 954; x_wconf 82' lang='lat' dir='ltr'><strong>Fabii</strong></span> <span class='ocrx_word' id='word_1_301' title='bbox 1910 909 2083 954; x_wconf 84' lang='lat' dir='ltr'><strong>autem</strong></span> <span class='ocrx_word' id='word_1_302' title='bbox 2116 901 2265 953; x_wconf 82' lang='lat' dir='ltr'><strong>fuere</strong></span> <span class='ocrx_word' id='word_1_303' title='bbox 2289 902 2512 954; x_wconf 87' lang='lat' dir='ltr'><strong>Romani</strong></span> 
     </span>
     <span class='ocr_line' id='line_1_58' title="bbox 1440 980 2524 1047; baseline 0 -17"><span class='ocrx_word' id='word_1_304' title='bbox 1440 981 1742 1031; x_wconf 83' lang='lat' dir='ltr'><strong>nobilissimi</strong></span> <span class='ocrx_word' id='word_1_305' title='bbox 1761 981 1911 1031; x_wconf 88' lang='lat' dir='ltr'><strong>simul</strong></span> <span class='ocrx_word' id='word_1_306' title='bbox 1936 997 1997 1031; x_wconf 84' lang='lat' dir='ltr'><strong>ac</strong></span> <span class='ocrx_word' id='word_1_307' title='bbox 2017 981 2393 1047; x_wconf 78' lang='lat' dir='ltr'><strong>potentissimi:</strong></span> <span class='ocrx_word' id='word_1_308' title='bbox 2421 980 2524 1047; x_wconf 86' lang='lat' dir='ltr'><strong>qui·</strong></span> 
     </span>
     <span class='ocr_line' id='line_1_59' title="bbox 1438 1057 2516 1124; baseline 0.002 -17"><span class='ocrx_word' id='word_1_309' title='bbox 1438 1057 1637 1108; x_wconf 80' lang='lat' dir='ltr'><strong>bellum</strong></span> <span class='ocrx_word' id='word_1_310' title='bbox 1670 1059 1916 1108; x_wconf 82' lang='lat' dir='ltr'><strong>adversus</strong></span> <span class='ocrx_word' id='word_1_311' title='bbox 1953 1060 2207 1124; x_wconf 85' lang='lat' dir='ltr'><strong>Vejentes</strong></span> <span class='ocrx_word' id='word_1_312' title='bbox 2252 1059 2350 1109; x_wconf 81' lang='lat' dir='ltr'><strong>soli</strong></span> <span class='ocrx_word' id='word_1_313' title='bbox 2392 1073 2516 1109; x_wconf 81' lang='lat' dir='ltr'><strong>cum</strong></span> 
     </span>
     <span class='ocr_line' id='line_1_60' title="bbox 1441 1135 2511 1200; baseline -0.002 -15"><span class='ocrx_word' id='word_1_314' title='bbox 1441 1135 1547 1185; x_wconf 84' lang='lat' dir='ltr'><strong>suis</strong></span> <span class='ocrx_word' id='word_1_315' title='bbox 1570 1137 1853 1187; x_wconf 76' lang='lat' dir='ltr'><strong>clientibus</strong></span> <span class='ocrx_word' id='word_1_316' title='bbox 1875 1143 1931 1188; x_wconf 89' lang='lat' dir='ltr'><strong>et</strong></span> <span class='ocrx_word' id='word_1_317' title='bbox 1953 1137 2116 1187; x_wconf 80' lang='lat' dir='ltr'><strong>servis</strong></span> <span class='ocrx_word' id='word_1_318' title='bbox 2144 1136 2196 1186; x_wconf 90' lang='lat' dir='ltr'><strong>in</strong></span> <span class='ocrx_word' id='word_1_319' title='bbox 2222 1151 2276 1186; x_wconf 86' lang='lat' dir='ltr'><strong>se</strong></span> <span class='ocrx_word' id='word_1_320' title='bbox 2302 1148 2511 1200; x_wconf 86' lang='lat' dir='ltr'><strong>recepe·</strong></span> 
     </span>
     <span class='ocr_line' id='line_1_61' title="bbox 1443 1213 2515 1279; baseline 0 -16"><span class='ocrx_word' id='word_1_321' title='bbox 1443 1220 1594 1263; x_wconf 83' lang='lat' dir='ltr'><strong>runt:</strong></span> <span class='ocrx_word' id='word_1_322' title='bbox 1625 1227 1850 1279; x_wconf 87' lang='lat' dir='ltr'><strong>cumque</strong></span> <span class='ocrx_word' id='word_1_323' title='bbox 1865 1227 1931 1263; x_wconf 76' lang='lat' dir='ltr'><strong>ex</strong></span> <span class='ocrx_word' id='word_1_324' title='bbox 1949 1213 2151 1265; x_wconf 84' lang='lat' dir='ltr'><strong>levibus</strong></span> <span class='ocrx_word' id='word_1_325' title='bbox 2166 1213 2365 1278; x_wconf 81' lang='lat' dir='ltr'><strong>aliquot</strong></span> <span class='ocrx_word' id='word_1_326' title='bbox 2381 1226 2515 1277; x_wconf 75' lang='lat' dir='ltr'><strong>prae-</strong></span> 
     </span>
     <span class='ocr_line' id='line_1_62' title="bbox 1443 1289 2516 1355; baseline 0.001 -16"><span class='ocrx_word' id='word_1_327' title='bbox 1443 1289 1528 1339; x_wconf 84' lang='lat' dir='ltr'><strong>liis</strong></span> <span class='ocrx_word' id='word_1_328' title='bbox 1568 1291 1761 1355; x_wconf 72' lang='lat' dir='ltr'><strong>saepius</strong></span> <span class='ocrx_word' id='word_1_329' title='bbox 1817 1291 2095 1341; x_wconf 82' lang='lat' dir='ltr'><strong>victoriam</strong></span> <span class='ocrx_word' id='word_1_330' title='bbox 2139 1294 2516 1355; x_wconf 77' lang='lat' dir='ltr'><strong>reportassent,</strong></span> 
     </span>
     <span class='ocr_line' id='line_1_63' title="bbox 1446 1366 2514 1419; baseline 0 -2"><span class='ocrx_word' id='word_1_331' title='bbox 1446 1367 1657 1418; x_wconf 83' lang='lat' dir='ltr'><strong>tandem</strong></span> <span class='ocrx_word' id='word_1_332' title='bbox 1699 1367 1766 1417; x_wconf 84' lang='lat' dir='ltr'><strong>ad</strong></span> <span class='ocrx_word' id='word_1_333' title='bbox 1797 1367 2099 1418; x_wconf 84' lang='lat' dir='ltr'><strong>Cremeram</strong></span> <span class='ocrx_word' id='word_1_334' title='bbox 2134 1366 2348 1419; x_wconf 79' lang='lat' dir='ltr'><strong>fluvium</strong></span> <span class='ocrx_word' id='word_1_335' title='bbox 2387 1368 2514 1418; x_wconf 84' lang='lat' dir='ltr'><strong>insi-</strong></span> 
     </span>
     <span class='ocr_line' id='line_1_64' title="bbox 1446 1442 2518 1506; baseline 0 -14"><span class='ocrx_word' id='word_1_336' title='bbox 1446 1442 1548 1492; x_wconf 83' lang='lat' dir='ltr'><strong>diis</strong></span> <span class='ocrx_word' id='word_1_337' title='bbox 1600 1443 1964 1506; x_wconf 81' lang='lat' dir='ltr'><strong>circumventi,</strong></span> <span class='ocrx_word' id='word_1_338' title='bbox 2008 1444 2075 1494; x_wconf 81' lang='lat' dir='ltr'><strong>ad</strong></span> <span class='ocrx_word' id='word_1_339' title='bbox 2126 1455 2284 1494; x_wconf 79' lang='lat' dir='ltr'><strong>unum</strong></span> <span class='ocrx_word' id='word_1_340' title='bbox 2338 1453 2518 1493; x_wconf 78' lang='lat' dir='ltr'><strong>omnes</strong></span> 
     </span>
     <span class='ocr_line' id='line_1_65' title="bbox 1446 1520 2517 1585; baseline 0 -15"><span class='ocrx_word' id='word_1_341' title='bbox 1446 1520 1591 1585; x_wconf 84' lang='lat' dir='ltr'><strong>capti</strong></span> <span class='ocrx_word' id='word_1_342' title='bbox 1608 1528 1745 1571; x_wconf 87' lang='lat' dir='ltr'><strong>snut.</strong></span> <span class='ocrx_word' id='word_1_343' title='bbox 1767 1520 1927 1572; x_wconf 78' lang='lat' dir='ltr'><strong>ovid.</strong></span> <span class='ocrx_word' id='word_1_344' title='bbox 1944 1522 2088 1572; x_wconf 73' lang='lat' dir='ltr'><strong>Fast-</strong></span> <span class='ocrx_word' id='word_1_345' title='bbox 2106 1523 2143 1572; x_wconf 90' lang='lat' dir='ltr'><strong>l.</strong></span> <span class='ocrx_word' id='word_1_346' title='bbox 2163 1535 2228 1573; x_wconf 88' lang='grc' dir='ltr'><strong>ιι.</strong></span> <span class='ocrx_word' id='word_1_347' title='bbox 2265 1521 2344 1569; x_wconf 76' lang='lat' dir='ltr'><strong>Ex</strong></span> <span class='ocrx_word' id='word_1_348' title='bbox 2366 1526 2517 1571; x_wconf 79' lang='lat' dir='ltr'><strong>tanta</strong></span> 
     </span>
     <span class='ocr_line' id='line_1_66' title="bbox 1448 1598 2518 1662; baseline -0.002 -14"><span class='ocrx_word' id='word_1_349' title='bbox 1448 1599 1730 1649; x_wconf 84' lang='lat' dir='ltr'><strong>Fabiorum</strong></span> <span class='ocrx_word' id='word_1_350' title='bbox 1754 1598 1909 1649; x_wconf 88' lang='lat' dir='ltr'><strong>clade</strong></span> <span class='ocrx_word' id='word_1_351' title='bbox 1947 1613 2084 1648; x_wconf 84' lang='lat' dir='ltr'><strong>unns</strong></span> <span class='ocrx_word' id='word_1_352' title='bbox 2109 1605 2310 1649; x_wconf 83' lang='lat' dir='ltr'><strong>tantum</strong></span> <span class='ocrx_word' id='word_1_353' title='bbox 2332 1611 2518 1662; x_wconf 85' lang='lat' dir='ltr'><strong>super·</strong></span> 
     </span>
     <span class='ocr_line' id='line_1_67' title="bbox 1449 1675 2514 1742; baseline -0.001 -17"><span class='ocrx_word' id='word_1_354' title='bbox 1449 1675 1569 1741; x_wconf 85' lang='lat' dir='ltr'><strong>fnit,</strong></span> <span class='ocrx_word' id='word_1_355' title='bbox 1591 1678 1681 1742; x_wconf 88' lang='lat' dir='ltr'><strong>qui</strong></span> <span class='ocrx_word' id='word_1_356' title='bbox 1719 1676 1948 1726; x_wconf 83' lang='lat' dir='ltr'><strong>nondum</strong></span> <span class='ocrx_word' id='word_1_357' title='bbox 1989 1676 2143 1727; x_wconf 82' lang='lat' dir='ltr'><strong>armis</strong></span> <span class='ocrx_word' id='word_1_358' title='bbox 2185 1690 2281 1741; x_wconf 85' lang='lat' dir='ltr'><strong>per</strong></span> <span class='ocrx_word' id='word_1_359' title='bbox 2303 1684 2514 1725; x_wconf 77' lang='lat' dir='ltr'><strong>aetatem</strong></span> 
     </span>
     <span class='ocr_line' id='line_1_68' title="bbox 1448 1752 2518 1817; baseline -0.001 -15"><span class='ocrx_word' id='word_1_360' title='bbox 1448 1752 1687 1817; x_wconf 87' lang='lat' dir='ltr'><strong>idoneus,</strong></span> <span class='ocrx_word' id='word_1_361' title='bbox 1724 1754 1777 1803; x_wconf 91' lang='lat' dir='ltr'><strong>in</strong></span> <span class='ocrx_word' id='word_1_362' title='bbox 1816 1754 1945 1804; x_wconf 86' lang='lat' dir='ltr'><strong>urbe</strong></span> <span class='ocrx_word' id='word_1_363' title='bbox 1991 1753 2207 1804; x_wconf 86' lang='lat' dir='ltr'><strong>relictus</strong></span> <span class='ocrx_word' id='word_1_364' title='bbox 2248 1760 2391 1802; x_wconf 86' lang='lat' dir='ltr'><strong>erat:</strong></span> <span class='ocrx_word' id='word_1_365' title='bbox 2448 1766 2518 1802; x_wconf 80' lang='lat' dir='ltr'><strong>ex</strong></span> 
     </span>
     <span class='ocr_line' id='line_1_69' title="bbox 1450 1831 2520 1896; baseline -0.001 -17"><span class='ocrx_word' id='word_1_366' title='bbox 1450 1831 1601 1895; x_wconf 85' lang='lat' dir='ltr'><strong>cujus</strong></span> <span class='ocrx_word' id='word_1_367' title='bbox 1622 1834 1873 1896; x_wconf 78' lang='lat' dir='ltr'><strong>sanguine</strong></span> <span class='ocrx_word' id='word_1_368' title='bbox 1909 1845 2005 1895; x_wconf 83' lang='lat' dir='ltr'><strong>per</strong></span> <span class='ocrx_word' id='word_1_369' title='bbox 2041 1831 2250 1895; x_wconf 84' lang='lat' dir='ltr'><strong>longam</strong></span> <span class='ocrx_word' id='word_1_370' title='bbox 2271 1835 2520 1895; x_wconf 85' lang='lat' dir='ltr'><strong>nepotum</strong></span> 
     </span>
     <span class='ocr_line' id='line_1_70' title="bbox 1452 1905 2526 1959; baseline -0.002 -2"><span class='ocrx_word' id='word_1_371' title='bbox 1452 1909 1637 1958; x_wconf 79' lang='lat' dir='ltr'><strong>seriem</strong></span> <span class='ocrx_word' id='word_1_372' title='bbox 1674 1914 1827 1958; x_wconf 81' lang='lat' dir='ltr'><strong>uatus</strong></span> <span class='ocrx_word' id='word_1_373' title='bbox 1860 1907 1961 1959; x_wconf 86' lang='lat' dir='ltr'><strong>fuit</strong></span> <span class='ocrx_word' id='word_1_374' title='bbox 1998 1907 2188 1957; x_wconf 84' lang='lat' dir='ltr'><strong>Fabius</strong></span> <span class='ocrx_word' id='word_1_375' title='bbox 2230 1906 2319 1956; x_wconf 86' lang='lat' dir='ltr'><strong>ille</strong></span> <span class='ocrx_word' id='word_1_376' title='bbox 2353 1905 2526 1956; x_wconf 86' lang='lat' dir='ltr'><strong>Maxi·</strong></span> 
     </span>
     <span class='ocr_line' id='line_1_71' title="bbox 1452 1981 2523 2052; baseline -0.004 -17"><span class='ocrx_word' id='word_1_377' title='bbox 1452 1999 1587 2052; x_wconf 86' lang='lat' dir='ltr'><strong>mus,</strong></span> <span class='ocrx_word' id='word_1_378' title='bbox 1606 1985 1694 2051; x_wconf 88' lang='lat' dir='ltr'><strong>qni</strong></span> <span class='ocrx_word' id='word_1_379' title='bbox 1715 1986 1967 2035; x_wconf 84' lang='lat' dir='ltr'><strong>Dictator</strong></span> <span class='ocrx_word' id='word_1_380' title='bbox 1993 1983 2271 2034; x_wconf 83' lang='lat' dir='ltr'><strong>adversum</strong></span> <span class='ocrx_word' id='word_1_381' title='bbox 2295 1981 2523 2033; x_wconf 86' lang='lat' dir='ltr'><strong>Anniba-</strong></span> 
     </span>
     <span class='ocr_line' id='line_1_72' title="bbox 1451 2059 2528 2126; baseline -0.003 -13"><span class='ocrx_word' id='word_1_382' title='bbox 1451 2064 1556 2113; x_wconf 80' lang='lat' dir='ltr'><strong>lem</strong></span> <span class='ocrx_word' id='word_1_383' title='bbox 1606 2070 1835 2126; x_wconf 81' lang='lat' dir='ltr'><strong>creatus,</strong></span> <span class='ocrx_word' id='word_1_384' title='bbox 1887 2059 2256 2112; x_wconf 77' lang='lat' dir='ltr'><strong>cunctabunda</strong></span> <span class='ocrx_word' id='word_1_385' title='bbox 2301 2060 2528 2126; x_wconf 79' lang='lat' dir='ltr'><strong>quadam</strong></span> 
     </span>
     <span class='ocr_line' id='line_1_73' title="bbox 1453 2137 2524 2205; baseline -0.004 -15"><span class='ocrx_word' id='word_1_386' title='bbox 1453 2139 1732 2205; x_wconf 82' lang='lat' dir='ltr'><strong>prudentia</strong></span> <span class='ocrx_word' id='word_1_387' title='bbox 1783 2154 1892 2190; x_wconf 86' lang='lat' dir='ltr'><strong>rem</strong></span> <span class='ocrx_word' id='word_1_388' title='bbox 1947 2140 2252 2202; x_wconf 83' lang='lat' dir='ltr'><strong>Romanam,</strong></span> <span class='ocrx_word' id='word_1_389' title='bbox 2302 2137 2524 2187; x_wconf 86' lang='lat' dir='ltr'><strong>aliorum</strong></span> 
     </span>
     <span class='ocr_line' id='line_1_74' title="bbox 1455 2213 2525 2282; baseline -0.003 -15"><span class='ocrx_word' id='word_1_390' title='bbox 1455 2218 1824 2282; x_wconf 84' lang='lat' dir='ltr'><strong>imperatorum</strong></span> <span class='ocrx_word' id='word_1_391' title='bbox 1887 2218 2185 2268; x_wconf 85' lang='lat' dir='ltr'><strong>temeritate</strong></span> <span class='ocrx_word' id='word_1_392' title='bbox 2240 2213 2525 2265; x_wconf 66' lang='lat' dir='ltr'><strong>labefflcta·</strong></span> 
     </span>
     <span class='ocr_line' id='line_1_75' title="bbox 1459 2291 2529 2360; baseline -0.003 -16"><span class='ocrx_word' id='word_1_393' title='bbox 1459 2300 1583 2359; x_wconf 80' lang='lat' dir='ltr'><strong>tam,</strong></span> <span class='ocrx_word' id='word_1_394' title='bbox 1606 2295 1801 2360; x_wconf 80' lang='lat' dir='ltr'><strong>primus</strong></span> <span class='ocrx_word' id='word_1_395' title='bbox 1833 2295 2089 2358; x_wconf 87' lang='lat' dir='ltr'><strong>restituit,</strong></span> <span class='ocrx_word' id='word_1_396' title='bbox 2124 2294 2255 2343; x_wconf 86' lang='lat' dir='ltr'><strong>adeo</strong></span> <span class='ocrx_word' id='word_1_397' title='bbox 2286 2298 2345 2343; x_wconf 84' lang='lat' dir='ltr'><strong>ut</strong></span> <span class='ocrx_word' id='word_1_398' title='bbox 2370 2291 2529 2342; x_wconf 83' lang='lat' dir='ltr'><strong>veris·</strong></span> 
     </span>
     <span class='ocr_line' id='line_1_76' title="bbox 1458 2369 2528 2423; baseline -0.005 0"><span class='ocrx_word' id='word_1_399' title='bbox 1458 2375 1589 2423; x_wconf 86' lang='lat' dir='ltr'><strong>sime</strong></span> <span class='ocrx_word' id='word_1_400' title='bbox 1610 2372 1677 2422; x_wconf 86' lang='lat' dir='ltr'><strong>de</strong></span> <span class='ocrx_word' id='word_1_401' title='bbox 1712 2388 1774 2423; x_wconf 89' lang='lat' dir='ltr'><strong>eo</strong></span> <span class='ocrx_word' id='word_1_402' title='bbox 1811 2374 2008 2423; x_wconf 84' lang='lat' dir='ltr'><strong>Ennius</strong></span> <span class='ocrx_word' id='word_1_403' title='bbox 2038 2371 2230 2421; x_wconf 76' lang='lat' dir='ltr'><strong>dixisse</strong></span> <span class='ocrx_word' id='word_1_404' title='bbox 2253 2369 2528 2421; x_wconf 70' lang='lat' dir='ltr'><strong>videaturt</strong></span> 
     </span>
     <span class='ocr_line' id='line_1_77' title="bbox 1458 2447 2529 2502; baseline -0.005 0"><span class='ocrx_word' id='word_1_405' title='bbox 1458 2453 1475 2482; x_wconf 89' lang='lat'>‘</span> <span class='ocrx_word' id='word_1_406' title='bbox 1497 2452 1646 2502; x_wconf 85' lang='lat' dir='ltr'><strong>Unus</strong></span> <span class='ocrx_word' id='word_1_407' title='bbox 1681 2453 1832 2502; x_wconf 89' lang='lat' dir='ltr'><strong>homo</strong></span> <span class='ocrx_word' id='word_1_408' title='bbox 1869 2452 2017 2502; x_wconf 89' lang='lat' dir='ltr'><strong>uobis</strong></span> <span class='ocrx_word' id='word_1_409' title='bbox 2056 2448 2354 2501; x_wconf 85' lang='lat' dir='ltr'><strong>cunctando</strong></span> <span class='ocrx_word' id='word_1_410' title='bbox 2380 2447 2529 2498; x_wconf 81' lang='lat' dir='ltr'><strong>resti-</strong></span> 
     </span>
     <span class='ocr_line' id='line_1_78' title="bbox 1460 2524 2531 2593; baseline -0.006 -15"><span class='ocrx_word' id='word_1_411' title='bbox 1460 2528 1566 2579; x_wconf 89' lang='lat' dir='ltr'><strong>tuit</strong></span> <span class='ocrx_word' id='word_1_412' title='bbox 1603 2528 1750 2578; x_wconf 84' lang='lat' dir='ltr'><strong>rem.’</strong></span> <span class='ocrx_word' id='word_1_413' title='bbox 1808 2528 1933 2590; x_wconf 82' lang='lat' dir='ltr'><strong>Sed,</strong></span> <span class='ocrx_word' id='word_1_414' title='bbox 1962 2528 2049 2593; x_wconf 87' lang='lat' dir='ltr'><strong>qui</strong></span> <span class='ocrx_word' id='word_1_415' title='bbox 2085 2527 2283 2591; x_wconf 77' lang='lat' dir='ltr'><strong>primus</strong></span> <span class='ocrx_word' id='word_1_416' title='bbox 2316 2524 2531 2588; x_wconf 81' lang='lat' dir='ltr'><strong>Fabius,</strong></span> 
     </span>
     <span class='ocr_line' id='line_1_79' title="bbox 1460 2600 2531 2670; baseline -0.006 -13"><span class='ocrx_word' id='word_1_417' title='bbox 1460 2606 1635 2657; x_wconf 85' lang='lat' dir='ltr'><strong>dictus</strong></span> <span class='ocrx_word' id='word_1_418' title='bbox 1672 2614 1757 2657; x_wconf 84' lang='lat' dir='ltr'><strong>est</strong></span> <span class='ocrx_word' id='word_1_419' title='bbox 1779 2605 2053 2667; x_wconf 77' lang='lat' dir='ltr'><strong>Allobrox,</strong></span> <span class='ocrx_word' id='word_1_420' title='bbox 2078 2604 2217 2670; x_wconf 86' lang='lat' dir='ltr'><strong>quod</strong></span> <span class='ocrx_word' id='word_1_421' title='bbox 2256 2604 2394 2668; x_wconf 86' lang='lat' dir='ltr'><strong>apud</strong></span> <span class='ocrx_word' id='word_1_422' title='bbox 2433 2600 2531 2651; x_wconf 80' lang='lat' dir='ltr'><strong>fln-</strong></span> 
     </span>
     <span class='ocr_line' id='line_1_80' title="bbox 1460 2677 2533 2746; baseline -0.006 -13"><span class='ocrx_word' id='word_1_423' title='bbox 1460 2697 1580 2733; x_wconf 87' lang='lat' dir='ltr'><strong>men</strong></span> <span class='ocrx_word' id='word_1_424' title='bbox 1598 2684 1799 2734; x_wconf 84' lang='lat' dir='ltr'><strong>Isarum</strong></span> <span class='ocrx_word' id='word_1_425' title='bbox 1822 2682 2160 2746; x_wconf 77' lang='lat' dir='ltr'><strong>Allobrogum</strong></span> <span class='ocrx_word' id='word_1_426' title='bbox 2194 2692 2369 2744; x_wconf 82' lang='lat' dir='ltr'><strong>regem</strong></span> <span class='ocrx_word' id='word_1_427' title='bbox 2395 2677 2533 2729; x_wconf 88' lang='lat' dir='ltr'><strong>ceci-</strong></span> 
     </span>
     <span class='ocr_line' id='line_1_81' title="bbox 1461 2761 1834 2813; baseline 0.003 -2"><span class='ocrx_word' id='word_1_428' title='bbox 1461 2761 1642 2813; x_wconf 84' lang='lat' dir='ltr'><strong>disset.</strong></span> <span class='ocrx_word' id='word_1_429' title='bbox 1829 2765 1834 2770; x_wconf 85' lang='grc'><em>“</em></span> 
     </span>
    </p>

    <p class='ocr_par' dir='ltr' id='par_1_11' title="bbox 1464 2831 2555 4450">
     <span class='ocr_line' id='line_1_82' title="bbox 1531 2831 2535 2902; baseline -0.005 -14"><span class='ocrx_word' id='word_1_430' title='bbox 1531 2839 1594 2894; x_wconf 87' lang='lat' dir='ltr'><strong>Q.</strong></span> <span class='ocrx_word' id='word_1_431' title='bbox 1637 2837 1932 2902; x_wconf 71' lang='lat' dir='ltr'><strong>Maximam]</strong></span> <span class='ocrx_word' id='word_1_432' title='bbox 1989 2837 2097 2890; x_wconf 80' lang='lat' dir='ltr'><strong>Qui</strong></span> <span class='ocrx_word' id='word_1_433' title='bbox 2141 2834 2317 2886; x_wconf 73' lang='lat' dir='ltr'><strong>Fabiae</strong></span> <span class='ocrx_word' id='word_1_434' title='bbox 2362 2831 2535 2898; x_wconf 79' lang='lat' dir='ltr'><strong>gentis</strong></span> 
     </span>
     <span class='ocr_line' id='line_1_83' title="bbox 1464 2909 2536 2980; baseline -0.009 -12"><span class='ocrx_word' id='word_1_435' title='bbox 1464 2923 1635 2968; x_wconf 88' lang='lat' dir='ltr'><strong>ortum</strong></span> <span class='ocrx_word' id='word_1_436' title='bbox 1676 2931 1707 2964; x_wconf 85' lang='lat' dir='ltr'><strong>a</strong></span> <span class='ocrx_word' id='word_1_437' title='bbox 1744 2917 1922 2980; x_wconf 88' lang='lat' dir='ltr'><strong>capite</strong></span> <span class='ocrx_word' id='word_1_438' title='bbox 1958 2920 2222 2980; x_wconf 81' lang='lat' dir='ltr'><strong>repetunt,</strong></span> <span class='ocrx_word' id='word_1_439' title='bbox 2256 2911 2321 2960; x_wconf 84' lang='lat' dir='ltr'><strong>ad</strong></span> <span class='ocrx_word' id='word_1_440' title='bbox 2346 2909 2536 2960; x_wconf 82' lang='lat' dir='ltr'><strong>Abori-</strong></span> 
     </span>
     <span class='ocr_line' id='line_1_84' title="bbox 1466 2988 2535 3061; baseline -0.008 -17"><span class='ocrx_word' id='word_1_441' title='bbox 1466 2997 1612 3061; x_wconf 72' lang='lat' dir='ltr'><strong>gines</strong></span> <span class='ocrx_word' id='word_1_442' title='bbox 1646 2995 1839 3059; x_wconf 84' lang='lat' dir='ltr'><strong>primos</strong></span> <span class='ocrx_word' id='word_1_443' title='bbox 1865 2994 2002 3043; x_wconf 83' lang='lat' dir='ltr'><strong>Latii</strong></span> <span class='ocrx_word' id='word_1_444' title='bbox 2037 2992 2260 3057; x_wconf 82' lang='lat' dir='ltr'><strong>populos</strong></span> <span class='ocrx_word' id='word_1_445' title='bbox 2282 2988 2535 3052; x_wconf 82' lang='lat' dir='ltr'><strong>originem</strong></span> 
     </span>
     <span class='ocr_line' id='line_1_85' title="bbox 1466 3064 2537 3136; baseline -0.007 -15"><span class='ocrx_word' id='word_1_446' title='bbox 1466 3071 1689 3136; x_wconf 72' lang='lat' dir='ltr'><strong>generis,</strong></span> <span class='ocrx_word' id='word_1_447' title='bbox 1711 3072 1924 3136; x_wconf 87' lang='lat' dir='ltr'><strong>stirpem</strong></span> <span class='ocrx_word' id='word_1_448' title='bbox 1949 3069 2014 3119; x_wconf 83' lang='lat' dir='ltr'><strong>ad</strong></span> <span class='ocrx_word' id='word_1_449' title='bbox 2055 3068 2269 3120; x_wconf 84' lang='lat' dir='ltr'><strong>Fabium</strong></span> <span class='ocrx_word' id='word_1_450' title='bbox 2295 3064 2537 3117; x_wconf 86' lang='lat' dir='ltr'><strong>Herculis</strong></span> 
     </span>
     <span class='ocr_line' id='line_1_86' title="bbox 1465 3143 2537 3212; baseline -0.008 -12"><span class='ocrx_word' id='word_1_451' title='bbox 1465 3149 1631 3200; x_wconf 83' lang='lat' dir='ltr'><strong>filium</strong></span> <span class='ocrx_word' id='word_1_452' title='bbox 1653 3146 1908 3212; x_wconf 84' lang='lat' dir='ltr'><strong>referunt,</strong></span> <span class='ocrx_word' id='word_1_453' title='bbox 1931 3154 1991 3199; x_wconf 89' lang='lat' dir='ltr'><strong>ut</strong></span> <span class='ocrx_word' id='word_1_454' title='bbox 2013 3147 2196 3198; x_wconf 85' lang='lat' dir='ltr'><strong>scribit</strong></span> <span class='ocrx_word' id='word_1_455' title='bbox 2217 3143 2537 3195; x_wconf 85' lang='lat' dir='ltr'><strong>Plutarchus</strong></span> 
     </span>
     <span class='ocr_line' id='line_1_87' title="bbox 1468 3216 2542 3284; baseline -0.009 -9"><span class='ocrx_word' id='word_1_456' title='bbox 1468 3226 1523 3275; x_wconf 87' lang='lat' dir='ltr'><strong>in</strong></span> <span class='ocrx_word' id='word_1_457' title='bbox 1546 3225 1796 3276; x_wconf 87' lang='lat' dir='ltr'><strong>Maximo.</strong></span> <span class='ocrx_word' id='word_1_458' title='bbox 1863 3223 2068 3275; x_wconf 80' lang='lat' dir='ltr'><strong>Habuit</strong></span> <span class='ocrx_word' id='word_1_459' title='bbox 2101 3222 2217 3272; x_wconf 82' lang='lat' dir='ltr'><strong>haec</strong></span> <span class='ocrx_word' id='word_1_460' title='bbox 2243 3233 2368 3284; x_wconf 83' lang='lat' dir='ltr'><strong>gens</strong></span> <span class='ocrx_word' id='word_1_461' title='bbox 2391 3216 2542 3267; x_wconf 81' lang='lat' dir='ltr'><strong>fami-</strong></span> 
     </span>
     <span class='ocr_line' id='line_1_88' title="bbox 1468 3297 2541 3367; baseline -0.009 -13"><span class='ocrx_word' id='word_1_462' title='bbox 1468 3305 1566 3354; x_wconf 82' lang='lat' dir='ltr'><strong>iias</strong></span> <span class='ocrx_word' id='word_1_463' title='bbox 1606 3301 1894 3367; x_wconf 75' lang='lat' dir='ltr'><strong>praecipuas</strong></span> <span class='ocrx_word' id='word_1_464' title='bbox 1931 3310 2170 3366; x_wconf 85' lang='lat' dir='ltr'><strong>quatuor.</strong></span> <span class='ocrx_word' id='word_1_465' title='bbox 2235 3297 2415 3346; x_wconf 83' lang='lat' dir='ltr'><strong>Prima</strong></span> <span class='ocrx_word' id='word_1_466' title='bbox 2453 3309 2541 3345; x_wconf 89' lang='lat' dir='ltr'><strong>eo-</strong></span> 
     </span>
     <span class='ocr_line' id='line_1_89' title="bbox 1470 3371 2542 3446; baseline -0.01 -14"><span class='ocrx_word' id='word_1_467' title='bbox 1470 3396 1587 3432; x_wconf 89' lang='lat' dir='ltr'><strong>rum</strong></span> <span class='ocrx_word' id='word_1_468' title='bbox 1608 3386 1710 3446; x_wconf 88' lang='lat' dir='ltr'><strong>est,</strong></span> <span class='ocrx_word' id='word_1_469' title='bbox 1731 3379 1818 3445; x_wconf 87' lang='lat' dir='ltr'><strong>qui</strong></span> <span class='ocrx_word' id='word_1_470' title='bbox 1837 3376 2096 3439; x_wconf 83' lang='lat' dir='ltr'><strong>Vibulani,</strong></span> <span class='ocrx_word' id='word_1_471' title='bbox 2117 3376 2285 3425; x_wconf 85' lang='lat' dir='ltr'><strong>altera</strong></span> <span class='ocrx_word' id='word_1_472' title='bbox 2308 3374 2397 3440; x_wconf 90' lang='lat' dir='ltr'><strong>qui</strong></span> <span class='ocrx_word' id='word_1_473' title='bbox 2416 3371 2542 3422; x_wconf 87' lang='lat' dir='ltr'><strong>Am·</strong></span> 
     </span>
     <span class='ocr_line' id='line_1_90' title="bbox 1471 3455 2544 3526; baseline -0.013 -12"><span class='ocrx_word' id='word_1_474' title='bbox 1471 3461 1634 3526; x_wconf 86' lang='lat' dir='ltr'><strong>busti,</strong></span> <span class='ocrx_word' id='word_1_475' title='bbox 1671 3460 1831 3511; x_wconf 86' lang='lat' dir='ltr'><strong>tertia</strong></span> <span class='ocrx_word' id='word_1_476' title='bbox 1877 3458 1966 3525; x_wconf 86' lang='lat' dir='ltr'><strong>qui</strong></span> <span class='ocrx_word' id='word_1_477' title='bbox 2009 3455 2251 3518; x_wconf 81' lang='lat' dir='ltr'><strong>Maximi,</strong></span> <span class='ocrx_word' id='word_1_478' title='bbox 2279 3458 2544 3518; x_wconf 80' lang='lat' dir='ltr'><strong>postrema</strong></span> 
     </span>
     <span class='ocr_line' id='line_1_91' title="bbox 1473 3530 2545 3603; baseline -0.011 -13"><span class='ocrx_word' id='word_1_479' title='bbox 1473 3553 1672 3601; x_wconf 86' lang='lat' dir='ltr'><strong>eorum,</strong></span> <span class='ocrx_word' id='word_1_480' title='bbox 1707 3537 1796 3603; x_wconf 88' lang='lat' dir='ltr'><strong>qui</strong></span> <span class='ocrx_word' id='word_1_481' title='bbox 1842 3536 2079 3587; x_wconf 80' lang='lat' dir='ltr'><strong>Pictores</strong></span> <span class='ocrx_word' id='word_1_482' title='bbox 2111 3530 2362 3582; x_wconf 84' lang='lat' dir='ltr'><strong>nominati</strong></span> <span class='ocrx_word' id='word_1_483' title='bbox 2401 3534 2545 3579; x_wconf 87' lang='lat' dir='ltr'><strong>suut.</strong></span> 
     </span>
     <span class='ocr_line' id='line_1_92' title="bbox 1473 3603 2543 3674; baseline -0.013 -7"><span class='ocrx_word' id='word_1_484' title='bbox 1473 3616 1720 3667; x_wconf 82' lang='lat' dir='ltr'><strong>Vibulani</strong></span> <span class='ocrx_word' id='word_1_485' title='bbox 1740 3631 1772 3665; x_wconf 86' lang='lat' dir='ltr'><strong>a</strong></span> <span class='ocrx_word' id='word_1_486' title='bbox 1786 3613 1991 3663; x_wconf 87' lang='lat' dir='ltr'><strong>Vibone</strong></span> <span class='ocrx_word' id='word_1_487' title='bbox 2009 3609 2188 3662; x_wconf 84' lang='lat' dir='ltr'><strong>forsan</strong></span> <span class='ocrx_word' id='word_1_488' title='bbox 2211 3607 2389 3674; x_wconf 88' lang='lat' dir='ltr'><strong>opido,</strong></span> <span class='ocrx_word' id='word_1_489' title='bbox 2404 3603 2543 3672; x_wconf 87' lang='lat' dir='ltr'><strong>quod</strong></span> 
     </span>
     <span class='ocr_line' id='line_1_93' title="bbox 1473 3681 2546 3743; baseline -0.013 1"><span class='ocrx_word' id='word_1_490' title='bbox 1473 3694 1528 3743; x_wconf 89' lang='lat' dir='ltr'><strong>in</strong></span> <span class='ocrx_word' id='word_1_491' title='bbox 1567 3691 1767 3743; x_wconf 86' lang='lat' dir='ltr'><strong>Brutiis</strong></span> <span class='ocrx_word' id='word_1_492' title='bbox 1806 3687 2047 3740; x_wconf 86' lang='lat' dir='ltr'><strong>condidit</strong></span> <span class='ocrx_word' id='word_1_493' title='bbox 2089 3685 2367 3736; x_wconf 86' lang='lat' dir='ltr'><strong>Hercules.</strong></span> <span class='ocrx_word' id='word_1_494' title='bbox 2424 3681 2546 3730; x_wconf 80' lang='lat' dir='ltr'><strong>Am-</strong></span> 
     </span>
     <span class='ocr_line' id='line_1_94' title="bbox 1476 3754 2545 3831; baseline -0.014 -11"><span class='ocrx_word' id='word_1_495' title='bbox 1476 3770 1640 3831; x_wconf 87' lang='lat' dir='ltr'><strong>busti,</strong></span> <span class='ocrx_word' id='word_1_496' title='bbox 1664 3768 1900 3819; x_wconf 88' lang='lat' dir='ltr'><strong>Auctore</strong></span> <span class='ocrx_word' id='word_1_497' title='bbox 1923 3766 2085 3815; x_wconf 88' lang='lat' dir='ltr'><strong>Festo</strong></span> <span class='ocrx_word' id='word_1_498' title='bbox 2109 3761 2238 3813; x_wconf 82' lang='lat' dir='ltr'><strong>dicti</strong></span> <span class='ocrx_word' id='word_1_499' title='bbox 2255 3765 2373 3810; x_wconf 88' lang='lat' dir='ltr'><strong>sunt</strong></span> <span class='ocrx_word' id='word_1_500' title='bbox 2396 3773 2427 3807; x_wconf 87' lang='lat' dir='ltr'><strong>a</strong></span> <span class='ocrx_word' id='word_1_501' title='bbox 2450 3754 2545 3806; x_wconf 69' lang='lat' dir='ltr'><strong>fa-</strong></span> 
     </span>
     <span class='ocr_line' id='line_1_95' title="bbox 1476 3835 2552 3908; baseline -0.014 -11"><span class='ocrx_word' id='word_1_502' title='bbox 1476 3846 1565 3899; x_wconf 87' lang='lat' dir='ltr'><strong>bio</strong></span> <span class='ocrx_word' id='word_1_503' title='bbox 1603 3844 1837 3907; x_wconf 86' lang='lat' dir='ltr'><strong>Eburno,</strong></span> <span class='ocrx_word' id='word_1_504' title='bbox 1872 3840 2010 3908; x_wconf 85' lang='lat' dir='ltr'><strong>quod</strong></span> <span class='ocrx_word' id='word_1_505' title='bbox 2040 3839 2253 3890; x_wconf 80' lang='lat' dir='ltr'><strong>fulmine</strong></span> <span class='ocrx_word' id='word_1_506' title='bbox 2283 3835 2552 3886; x_wconf 81' lang='lat' dir='ltr'><strong>ambustus</strong></span> 
     </span>
     <span class='ocr_line' id='line_1_96' title="bbox 1479 3909 2548 3977; baseline -0.015 -1"><span class='ocrx_word' id='word_1_507' title='bbox 1479 3925 1563 3975; x_wconf 80' lang='lat' dir='ltr'><strong>sit.</strong></span> <span class='ocrx_word' id='word_1_508' title='bbox 1612 3922 1833 3973; x_wconf 77' lang='lat' dir='ltr'><strong>Maximi</strong></span> <span class='ocrx_word' id='word_1_509' title='bbox 1854 3935 1885 3970; x_wconf 86' lang='lat' dir='ltr'><strong>a</strong></span> <span class='ocrx_word' id='word_1_510' title='bbox 1907 3921 1973 3972; x_wconf 82' lang='lat' dir='ltr'><strong>Q.</strong></span> <span class='ocrx_word' id='word_1_511' title='bbox 1998 3918 2153 3969; x_wconf 82' lang='lat' dir='ltr'><strong>Fabio</strong></span> <span class='ocrx_word' id='word_1_512' title='bbox 2178 3914 2436 3975; x_wconf 87' lang='lat' dir='ltr'><strong>Rulliano,</strong></span> <span class='ocrx_word' id='word_1_513' title='bbox 2456 3909 2548 3977; x_wconf 86' lang='lat' dir='ltr'><strong>qui</strong></span> 
     </span>
     <span class='ocr_line' id='line_1_97' title="bbox 1479 3989 2550 4058; baseline -0.016 -5"><span class='ocrx_word' id='word_1_514' title='bbox 1479 4015 1665 4053; x_wconf 87' lang='lat' dir='ltr'><strong>censor</strong></span> <span class='ocrx_word' id='word_1_515' title='bbox 1700 4015 1817 4050; x_wconf 89' lang='lat' dir='ltr'><strong>cum</strong></span> <span class='ocrx_word' id='word_1_516' title='bbox 1857 3999 1920 4049; x_wconf 90' lang='lat' dir='ltr'><strong>P.</strong></span> <span class='ocrx_word' id='word_1_517' title='bbox 1942 3997 2129 4058; x_wconf 89' lang='lat' dir='ltr'><strong>Decio,</strong></span> <span class='ocrx_word' id='word_1_518' title='bbox 2153 4007 2353 4045; x_wconf 82' lang='lat' dir='ltr'><strong>omnem</strong></span> <span class='ocrx_word' id='word_1_519' title='bbox 2378 3989 2550 4039; x_wconf 81' lang='lat' dir='ltr'><strong>foren-</strong></span> 
     </span>
     <span class='ocr_line' id='line_1_98' title="bbox 1482 4065 2550 4136; baseline -0.015 -5"><span class='ocrx_word' id='word_1_520' title='bbox 1482 4095 1591 4131; x_wconf 85' lang='lat' dir='ltr'><strong>sem</strong></span> <span class='ocrx_word' id='word_1_521' title='bbox 1624 4078 1826 4130; x_wconf 81' lang='lat' dir='ltr'><strong>turbam</strong></span> <span class='ocrx_word' id='word_1_522' title='bbox 1858 4082 2114 4126; x_wconf 76' lang='lat' dir='ltr'><strong>secretam</strong></span> <span class='ocrx_word' id='word_1_523' title='bbox 2137 4072 2191 4120; x_wconf 91' lang='lat' dir='ltr'><strong>in</strong></span> <span class='ocrx_word' id='word_1_524' title='bbox 2217 4074 2436 4136; x_wconf 81' lang='lat' dir='ltr'><strong>quatuor</strong></span> <span class='ocrx_word' id='word_1_525' title='bbox 2458 4065 2550 4116; x_wconf 84' lang='lat' dir='ltr'><strong>tri·</strong></span> 
     </span>
     <span class='ocr_line' id='line_1_99' title="bbox 1481 4142 2549 4226; baseline -0.014 -18"><span class='ocrx_word' id='word_1_526' title='bbox 1481 4156 1579 4208; x_wconf 87' lang='lat' dir='ltr'><strong>bus</strong></span> <span class='ocrx_word' id='word_1_527' title='bbox 1601 4155 1846 4222; x_wconf 84' lang='lat' dir='ltr'><strong>conjecit,</strong></span> <span class='ocrx_word' id='word_1_528' title='bbox 1870 4151 2214 4214; x_wconf 77' lang='lat' dir='ltr'><strong>Urbanasque</strong></span> <span class='ocrx_word' id='word_1_529' title='bbox 2243 4142 2549 4226; x_wconf 73' lang='lat' dir='ltr'><strong>appellavit.</strong></span> 
     </span>
     <span class='ocr_line' id='line_1_100' title="bbox 1484 4225 2552 4295; baseline -0.014 -9"><span class='ocrx_word' id='word_1_530' title='bbox 1484 4236 1616 4288; x_wconf 77' lang='lat' dir='ltr'><strong>Quae</strong></span> <span class='ocrx_word' id='word_1_531' title='bbox 1647 4248 1727 4284; x_wconf 89' lang='lat' dir='ltr'><strong>res</strong></span> <span class='ocrx_word' id='word_1_532' title='bbox 1766 4233 1898 4283; x_wconf 86' lang='lat' dir='ltr'><strong>adeo</strong></span> <span class='ocrx_word' id='word_1_533' title='bbox 1938 4229 2100 4295; x_wconf 78' lang='lat' dir='ltr'><strong>gratis</strong></span> <span class='ocrx_word' id='word_1_534' title='bbox 2125 4225 2307 4277; x_wconf 86' lang='lat' dir='ltr'><strong>animis</strong></span> <span class='ocrx_word' id='word_1_535' title='bbox 2329 4227 2552 4287; x_wconf 80' lang='lat' dir='ltr'><strong>accepta</strong></span> 
     </span>
     <span class='ocr_line' id='line_1_101' title="bbox 1483 4299 2555 4378; baseline -0.016 -13"><span class='ocrx_word' id='word_1_536' title='bbox 1483 4318 1587 4376; x_wconf 87' lang='lat' dir='ltr'><strong>est,</strong></span> <span class='ocrx_word' id='word_1_537' title='bbox 1615 4319 1679 4363; x_wconf 88' lang='lat' dir='ltr'><strong>ut</strong></span> <span class='ocrx_word' id='word_1_538' title='bbox 1703 4308 1923 4378; x_wconf 73' lang='lat' dir='ltr'><strong>Maximi</strong></span> <span class='ocrx_word' id='word_1_539' title='bbox 1959 4317 2265 4370; x_wconf 83' lang='lat' dir='ltr'><strong>cognomen,</strong></span> <span class='ocrx_word' id='word_1_540' title='bbox 2302 4299 2437 4367; x_wconf 87' lang='lat' dir='ltr'><strong>quod</strong></span> <span class='ocrx_word' id='word_1_541' title='bbox 2467 4303 2555 4350; x_wconf 82' lang='lat' dir='ltr'><strong>tot</strong></span> 
     </span>
     <span class='ocr_line' id='line_1_102' title="bbox 1484 4379 2555 4450; baseline -0.014 -9"><span class='ocrx_word' id='word_1_542' title='bbox 1484 4386 1721 4441; x_wconf 81' lang='lat' dir='ltr'><strong>victoriis</strong></span> <span class='ocrx_word' id='word_1_543' title='bbox 1755 4398 1861 4436; x_wconf 84' lang='lat' dir='ltr'><strong>non</strong></span> <span class='ocrx_word' id='word_1_544' title='bbox 1896 4389 2198 4450; x_wconf 81' lang='lat' dir='ltr'><strong>pepererat,</strong></span> <span class='ocrx_word' id='word_1_545' title='bbox 2225 4379 2330 4430; x_wconf 78' lang='lat' dir='ltr'><strong>hac</strong></span> <span class='ocrx_word' id='word_1_546' title='bbox 2357 4385 2555 4442; x_wconf 80' lang='lat' dir='ltr'><strong>tempe·</strong></span> 
     </span>
    </p>
   </div>
  </div>
 </body>
</html>
