2984 4892
1189 454 1280 503 m*
1328 455 1711 508 muricus.

343 593 603 647 libertatis
624 595 782 647 habet
812 596 853 646 F
873 601 988 661 280,
1011 602 1072 648 12
1093 605 1148 648 et
1173 600 1213 649 F
1235 603 1353 662 281,
1375 607 1405 652 6

412 662 768 725 Oppresserat
811 663 940 712 iram
978 663 1013 713 J
1052 668 1117 714 72
1185 666 1406 716 animum

343 727 557 776 servitio
599 727 778 790 Fue,
796 731 863 776 20
929 727 971 776 si
1010 729 1159 778 Rom.
1197 744 1409 794 oppres·

342 792 476 841 seris
510 793 552 841 F
574 795 692 854 812,
714 797 748 841 9
811 807 1000 856 magua
1040 793 1214 844 clade-s
1249 806 1406 860 atque

335 857 609 907 calamitas
647 872 811 922 remp.
848 858 892 907 C
915 862 980 909 89
997 858 1102 910 etJ
1131 864 1192 908 14
1260 867 1408 911 tanta

342 923 566 986 torpedo
612 923 808 973 animos
855 923 896 972 F
936 927 1055 987 285,
1100 929 1125 973 1
1197 926 1407 990 publice

337 986 686 1052 privatimque
726 1003 830 1037 aere
852 987 1020 1038 alieno
1064 1002 1339 1054 oppressos
1362 992 1407 1042 C

335 1056 406 1101 40
496 1054 612 1116 plus
691 1051 832 1102 loriae
876 1054 1071 1116 sepulti
1112 1069 1268 1120 quam
1314 1071 1346 1105 o
1387 1084 1407 1095 -

339 1118 509 1181 pressi
543 1124 624 1168 att
678 1128 846 1167 erunt.
877 1118 1050 1167 Valer.
1075 1133 1127 1182 v,
1149 1123 1197 1182 1,
1217 1125 1250 1171 6
1315 1136 1348 1170 u
1388 1122 1404 1171 i

339 1182 446 1232 Ms.
487 1196 582 1245 pro
619 1180 888 1232 funeribus
923 1183 1271 1236 Romanorum
1315 1187 1404 1236 du-

337 1245 521 1306 cendis
541 1248 804 1311 expressit
831 1255 886 1297 et
909 1248 1037 1299 urbe
1060 1249 1149 1299 illa

335 1377 390 1427 G
410 1311 703 1388 opprobrii
731 1313 898 1378 gratia
929 1313 972 1362 F
994 1317 1110 1378 826,
1129 1318 1197 1365 26
1260 1314 1405 1380 (vide

393 1376 730 1507 ssgssiignue
754 1456 928 1492 arcem
951 1442 986 1492 J
1007 1448 1075 1492 66
1126 1442 1278 1558 ἕηοᾱ
1314 1458 1405 1506 op-

340 1507 661 1572 pugnatione
695 1520 797 1556 non
831 1507 1106 1557 desisteret
1185 1512 1247 1558 26
1316 1508 1407 1558 do·

329 1586 477 1622 sunm
509 1578 860 1637 oppugnatum
897 1582 1109 1623 venerat
1146 1573 1189 1622 F
1225 1577 1342 1634 868,
1373 1577 1404 1623 8

337 1646 671 1752 oppugnatus
692 1637 746 1685 in
768 1636 972 1700 judicio
998 1638 1405 1702 repetundarum

403 1766 620 1831 Optatis
643 1764 807 1830 magis
835 1781 1019 1832 pacem
1043 1781 1198 1832 quam
1222 1765 1401 1817 defen·

341 1831 469 1882 ditis
491 1832 533 1882 F
553 1836 671 1895 280,
696 1836 757 1881 14

402 1897 655 1961 Optatius
687 1895 881 1947 habent
901 1911 970 1947 ex
993 1903 1085 1947 tua
1105 1896 1404 1947 calamitate

336 1962 628 2025 periculum
673 1961 937 2012 libertatis
980 1960 1158 2013 facere
1210 1963 1249 2011 F
1289 1966 1407 2024 861,

401 2091 702 2156 optimates
767 2091 862 2141 tibi
914 2098 1039 2141 ante
1082 2089 1408 2152 videbantur,

333 2157 546 2207 eosdem
587 2171 724 2208 nunc
762 2156 1034 2207 dementes
1078 2171 1138 2206 ac
1183 2153 1404 2205 furiosos

337 2235 494 2276 vocas
517 2222 558 2271 F
577 2226 694 2284 866,
715 2226 745 2272 8

402 2286 667 2350 optimis:
706 2288 758 2336 in
795 2286 1008 2350 optimis
1048 2284 1247 2336 artibus
1276 2292 1402 2336 aets-

336 2357 440 2402 tem
462 2352 548 2416 egi
569 2351 602 2403 J
628 2356 691 2402 86
747 2366 907 2417 quare
932 2350 1184 2414 optimum
1202 2349 1400 2400 factum

333 2416 503 2467 videri
529 2432 623 2482 per
645 2416 759 2481 ejus
786 2426 960 2466 castra
981 2415 1150 2479 palam
1177 2416 1400 2465 transire

329 2481 367 2533 J
415 2486 509 2532 107
592 2481 749 2531 duces
793 2482 834 2531 F
873 2485 990 2544 286,
1028 2483 1089 2529 12
1127 2496 1136 2505 ·
1173 2480 1398 2530 moribus

332 2545 444 2609 egit
486 2547 554 2598 P.
599 2548 747 2597 Rom.
791 2547 833 2595 F
869 2550 986 2605 272,
1012 2549 1073 2594 18
1140 2546 1397 2610 majorum

335 2612 590 2676 exemplis
611 2612 653 2661 F
674 2616 789 2672 276,
810 2615 840 2660 8
911 2611 985 2661 uti
1008 2624 1161 2675 qnam
1188 2612 1397 2673 optimis

333 2676 607 2740 imperites
649 2677 691 2725 F
729 2681 844 2741 840,
885 2680 944 2726 11
1015 2675 1286 2738 imperium
1332 2691 1398 2724 ex

323 2742 618 2807 justissimo
641 2743 685 2792 C
710 2746 768 2792 11
837 2741 1060 2805 optimos
1101 2753 1202 2788 non
1241 2739 1395 2789 suds-

317 2806 618 2858 cissimosJ
646 2810 705 2856 81
776 2806 1038 2856 exercitus
1080 2811 1140 2853 et
1178 2806 1397 2854 veterri-

329 2886 443 2922 mos
470 2872 510 2921 F
531 2876 647 2937 848,
668 2877 698 2922 7
763 2869 906 2920 factu
929 2869 1150 2920 credens
1187 2870 1231 2919 C
1253 2874 1317 2919 82
1340 2875 1397 2919 et

333 2937 514 3000 Ρ842,
550 2942 583 2988 2
648 2936 787 3002 quod
829 2935 1082 2999 optimum
1121 2934 1396 2984 videbatur

330 3002 603 3053 consilium
621 3001 764 3065 capit
779 3001 812 3053 J
831 3007 895 3049 64
936 3000 1160 3065 optimus
1177 2999 1394 3064 quisque

327 3066 522 3183 §edere
543 3066 578 3118 J
601 3071 666 3116 92
717 3073 772 3115 et
789 3064 933 3129 genti
957 3064 1154 3127 optime
1176 3064 1395 3114 merenti

397 3196 635 3259 Opulens
658 3203 712 3245 et
735 3209 920 3258 magna
945 3193 1131 3244 civitas
1152 3194 1188 3246 J
1203 3198 1269 3244 69
1310 3208 1392 3244 me

313 3262 609 3325 -opulenter
631 3261 743 3310 illos
764 3269 878 3310 arte
899 3260 1065 3309 colam
1082 3257 1116 3309 J
1138 3262 1202 3308 86
1271 3274 1417 3324 epm,

327 3326 492 3376 lenti:
525 3326 699 3389 magui
721 3325 844 3375 estis
865 3323 1099 3388 opulenti
1135 3322 1170 3374 J
1195 3327 1254 3372 17
1301 3338 1392 3388 op-

329 3391 513 3455 pidum
536 3391 689 3440 armis
704 3390 926 3455 virisque
943 3390 1246 3452 opulentum
1269 3388 1302 3440 J
1328 3395 1391 3440 67

330 3463 387 3506 et
411 3461 474 3506 76
542 3455 734 3506 invidia
757 3470 822 3504 ex
843 3454 1115 3517 opulentia
1138 3461 1257 3504 orta
1294 3454 1337 3503 C
1359 3460 1394 3504 6

326 3521 699 3586 negligentiam
730 3521 988 3569 tolerabat
1025 3520 1069 3569 C
1092 3523 1157 3569 62
1234 3535 1390 3584 quan-

329 3592 441 3636 tum
485 3586 639 3635 armis
682 3585 804 3635 viris
839 3584 1104 3649 opulentia
1140 3592 1313 3647 posset
1351 3585 1393 3634 F

326 3655 445 3713 848,
467 3655 527 3700 11
593 3664 698 3699 non
722 3664 787 3697 ex
811 3649 1079 3714 opulentia
1112 3663 1286 3698 verum
1326 3665 1392 3699 ex

327 3715 583 3778 dignitate
617 3723 827 3764 creetur
865 3716 902 3763 F
923 3719 1094 3775 864,6
1160 3715 1307 3778 pacis
1348 3715 1391 3763 F

313 3785 446 3842 -824,
468 3785 533 3830 24
581 3795 674 3842 per
690 3779 1008 3843 opulentiam
1032 3779 1246 3843 imperia
1271 3780 1393 3828 ami-

323 3848 490 3897 serint
513 3845 554 3895 F
579 3849 695 3902 868,
719 3849 785 3895 20
851 3859 976 3908 agro
1017 3846 1137 3893 viris
1178 3844 1392 3907 opulen-

326 3912 432 3962 tior
470 3910 503 3962 J
553 3914 616 3960 16
705 3926 784 3959 res
825 3910 1059 3959 militaris
1097 3908 1394 3973 opulentior

325 3976 430 4027 erit
458 3976 501 4024 F
521 3979 638 4036 ssa,
655 3979 723 4043 .¹⁴

391 4039 505 4092 Ora
528 4042 787 4090 maritima
826 4038 859 4090 J
895 4043 957 4089 19
1024 4038 1274 4088 incedunt
1297 4051 1392 4101 per

325 4121 419 4157 ora
464 4113 637 4155 vestra
677 4102 953 4168 magnifice
995 4103 1028 4155 J
1066 4108 1126 4153 81
1195 4102 1389 4154 Justin.

322 4172 433 4233 xvi,
474 4176 526 4219 6.
609 4170 794 4219 Victor
831 4169 1106 4231 Tyrannus
1150 4170 1389 4232 captivos

312 4237 601 4287 Senatores
646 4235 698 4283 in
738 4232 1009 4296 Triumphi
1044 4233 1250 4282 modum
1296 4247 1391 4297 per

324 4315 419 4351 ora
438 4298 628 4350 civium
648 4299 823 4351 trahit.
845 4297 1070 4348 omnium
1091 4298 1145 4348 iu
1168 4312 1250 4347 me
1270 4312 1389 4347 con-

328 4379 480 4418 versa
500 4365 536 4417 J
558 4368 621 4415 86
687 4379 780 4415 ore
817 4363 979 4414 libero
1014 4362 1220 4413 locutus
1247 4362 1281 4414 J
1323 4367 1388 4413 96

1477 602 1535 652 in
1575 616 1666 652 ore
1707 608 1877 654 vestro
1917 602 2149 666 privatus
2186 604 2271 668 egi
2315 605 2554 669 Fumo

1477 667 1757 731 egentibus
1778 682 1937 732 agens
1961 670 2001 718 F
2021 672 2138 728 828,
2157 673 2221 718 21

1547 732 1720 782 Orsus
1743 740 2015 799 postquem
2034 734 2159 783 nibil
2182 733 2489 798 proficiebat
2511 737 2553 786 F

1479 801 1683 858 808,18
1747 798 1835 864 qui
1860 798 2103 847 secundis
2141 799 2293 849 rebus
2335 800 2439 850 suis
2480 801 2546 851 ad

1479 862 1673 912 bellum
1698 871 1915 912 orantur
1940 864 1981 913 F
2007 867 2124 924 812,
2145 870 2175 913 6

1546 926 1733 976 Oratio
1776 928 1868 978 illa
1910 943 2014 993 quo
2059 928 2346 992 pertinuit?
2394 929 2439 978 C
2480 934 2542 981 61

1479 993 1620 1042 nulla
1644 993 1837 1042 laedere
1862 1000 2037 1057 potest
2073 1006 2139 1042 ex
2167 993 2323 1043 animi
2345 999 2549 1046 seuten-

1482 1056 1613 1108 tiaJ
1638 1062 1701 1107 86
1769 1055 1958 1107 fortem
2000 1073 2067 1108 ex
2107 1058 2289 1108 timido
2330 1057 2550 1121 impera-

1482 1122 1607 1171 toris
1628 1122 1861 1173 oratioue
1882 1120 1999 1173 fieri
2035 1124 2078 1173 C
2100 1127 2165 1172 68
2230 1137 2447 1187 quorum
2468 1138 2552 1175 ac-

1479 1194 1634 1250 cepta
1674 1187 1710 1238 J
1750 1191 1815 1236 22
1892 1189 2058 1237 multa
2096 1194 2362 1238 consumta
2402 1187 2438 1238 J
2482 1193 2546 1240 26

1480 1251 1709 1302 secunda
1732 1251 1943 1301 extollit
1964 1251 1999 1301 J
2025 1256 2088 1302 66
2155 1266 2249 1302 sua
2279 1260 2549 1303 nri-exerat

1478 1314 1515 1365 J
1539 1320 1601 1366 84
1670 1317 1844 1379 turpia
1864 1315 2006 1366 facts
2028 1317 2263 1366 oratione
2293 1324 2473 1380 tegent
2507 1317 2543 1369 J

1479 1384 1544 1429 86
1611 1381 1793 1430 babuit
1817 1380 2131 1431 luculentam
2167 1381 2211 1430 C
2234 1384 2293 1430 81
2363 1382 2546 1432 babuit

1479 1445 1526 1494 C
1548 1450 1633 1508 62,
1653 1450 1753 1496 dcc.
1809 1443 2084 1496 facundam
2116 1452 2174 1495 et
2208 1449 2548 1508 compositam

1478 1508 1515 1559 J
1536 1514 1597 1560 86
1648 1525 1885 1575 magnam
1904 1525 2120 1560 exorsus
2145 1511 2187 1559 F
2204 1514 2321 1572 811,
2343 1515 2404 1561 18
2451 1526 2546 1576 per

1480 1574 1812 1640 obsequelam
1834 1575 2082 1626 orationis
2104 1575 2147 1623 F
2167 1578 2285 1639 298,
2307 1580 2372 1625 20

1547 1640 1721 1691 Orbes
1746 1638 1921 1690 facere
1944 1639 1977 1691 J
2002 1645 2063 1690 97
2125 1639 2263 1690 orbis
2288 1647 2442 1691 terroe
2469 1639 2544 1690 di-

1479 1705 1681 1754 visione
1707 1704 1742 1756 J
1769 1709 1829 1755 17

1547 1769 1784 1820 Ordine:
1820 1777 1965 1819 recte
2001 1776 2157 1835 atque
2198 1768 2380 1820 ordine
2405 1768 2448 1820 C
2480 1774 2545 1821 62

1479 1833 2336 1950 xxszffltfffff‘zffiissi
2378 1834 2546 1950 11:⁰2¹:

1481 1978 1635 2028 quum
1653 1964 1820 2042 locum
1844 1963 2058 2014 deducit
2073 1965 2117 2014 C
2130 1968 2197 2013 69
2216 1977 2384 2029 neque
2398 1963 2548 2027 signa

1480 2043 1654 2145 :¹3¹3
1672 2027 2544 2168 23⁶·23300mzzt‘3q3225f15‘21‘21

1477 2159 1642 2208 multa
1679 2158 1837 2208 verba
1858 2157 1913 2207 in
1945 2158 2041 2207 boc
2062 2157 2245 2208 ordine
2268 2155 2372 2207 feci
2414 2159 2458 2207 C
2478 2163 2544 2210 62

1474 2223 1789 2274 senator-iic
1813 2226 1874 2273 17
1941 2222 2104 2272 vestri
2141 2221 2176 2273 J
2200 2226 2264 2271 81
2334 2236 2549 2274 consue-

1475 2285 1625 2347 facit,
1637 2288 1846 2338 ordines
1867 2287 2078 2348 babere,
2090 2286 2235 2350 signa
2259 2288 2403 2351 sequi
2425 2286 2461 2337 J
2480 2292 2545 2338 80

1474 2352 1621 2416 cujus
1656 2353 1707 2401 in
1744 2353 1926 2403 urbem
1961 2352 2135 2402 reditu
2168 2351 2326 2401 decus
2350 2351 2545 2402 ordinis

1471 2416 1674 2467 interiit
1714 2417 1755 2466 F
1789 2421 1906 2478 286,
1941 2421 1974 2466 2
2053 2415 2386 2467 commutetis
2417 2416 2450 2468 J
2475 2421 2544 2467 49

1469 2482 1584 2532 sine
1620 2481 1780 2545 siguis
1814 2484 1925 2532 sine
1964 2481 2231 2532 ordinibus
2263 2479 2296 2531 J
2321 2484 2386 2530 97
2452 2482 2543 2530 ho·

1465 2548 1638 2661 {niues
1660 2548 1887 2598 omnium
1908 2546 2146 2597 ordinum
2166 2545 2546 2609 corruptissimi

1539 2617 1657 2672 281,
1683 2616 1739 2661 n

1539 2675 1826 2726 oriantur:
1860 2677 1947 2725 cni
1970 2674 2183 2725 dubium
2206 2682 2287 2724 est
2305 2673 2428 2739 quin
2450 2689 2546 2738 per

1470 2741 1650 2790 orbem
1668 2750 1929 2790 terrarum
1947 2739 2186 2799 vastitas,
2206 2738 2361 2800 bella,
2374 2740 2543 2790 cedes

1470 2806 1707 2855 oriantur
1739 2806 1780 2855 F
1804 2809 1921 2864 860,
1943 2808 1973 2853 8
2042 2803 2178 2867 apud
2206 2803 2345 2852 Deos
2368 2816 2541 2856 rerum

1470 2871 1808 2919 humanarum
1834 2884 1958 2918 curu
1989 2868 2021 2919 J
2054 2873 2113 2918 14
2181 2868 2326 2917 collis
2349 2882 2415 2917 ex
2435 2883 2540 2919 me·

1468 2934 1559 2983 dio
1579 2934 1615 2985 J
1637 2939 1704 2985 48
1768 2932 1961 2984 fiumen
1984 2934 2158 2982 oriens
2198 2947 2229 2981 a
2266 2932 2481 2982 meridie
2503 2933 2539 2984 J

1465 3004 1534 3049 48
1592 3015 1655 3049 ea
1676 2997 1871 3048 familia
1894 3009 2067 3048 ortum
2092 2997 2136 3047 C
2157 3001 2218 3047 81
2280 2997 2357 3046 bis
2378 2997 2538 3047 servi-

1472 3064 1602 3115 tutis
1643 3064 1941 3114 amittendae
1986 3077 2111 3111 cura
2134 3062 2332 3110 orietur
2372 3062 2543 3123 Ρ862,

1471 3134 1537 3180 12
1591 3144 1657 3178 ne
1697 3144 1798 3193 qua
1830 3128 2016 3177 seditio
2061 3133 2152 3175 aut
2198 3128 2391 3175 bellum
2434 3126 2467 3178 J
2502 3131 2539 3175 6

1466 3202 1523 3244 et
1558 3198 1622 3244 72
1710 3193 1956 3243 discessio
1995 3191 2163 3241 civilis
2216 3191 2364 3256 qussi
2422 3205 2539 3255 per-

1467 3259 1648 3308 mixtio
1669 3267 1820 3308 terrae
1843 3257 1966 3307 oriri
1990 3256 2197 3320 coepitJ
2220 3261 2280 3306 41
2337 3256 2536 3306 clamor

1467 3325 1647 3380 ingens
1668 3323 1702 3375 J
1728 3328 1788 3373 67
1828 3322 2021 3371 invidia
2042 3338 2108 3370 ex
2130 3321 2400 3383 opulentia
2420 3328 2537 3371 orta

1468 3391 1562 3440 06
1625 3396 1769 3439 ortus
1802 3403 1869 3437 ex
1892 3387 2178 3438 concubina
2209 3386 2241 3437 J
2267 3392 2297 3436 6
2366 3400 2535 3436 sermo

1468 3456 1512 3504 F
1537 3458 1655 3515 325,
1673 3458 1707 3504 9

1535 3521 1629 3568 Ori
1671 3518 1841 3569 inibus
1878 3515 2118 3582 praesidio
2155 3515 2322 3578 fuere,
2355 3515 2533 3579 (Colo-

1467 3585 1567 3634 niae
1660 3588 1742 3633 ’19

1533 3584 1736 3699 Oimm
1774 3647 1985 3712 egregio
2029 3648 2171 3696 cultu
2217 3644 2449 3706 corporis
2488 3644 2532 3694 F

1465 3718 1587 3774 882,
1627 3720 1685 3763 16
1753 3726 1896 3762 artua
1930 3720 2273 3786 ornatumque
2304 3716 2538 3760 mutave·

1467 3786 1587 3828 rant
1611 3779 1642 3830 J
1669 3782 1733 3827 94
1801 3784 2039 3827 ornatum
2065 3774 2355 3825 bominibus
2389 3774 2536 3824 resti·

1467 3851 1617 3893 tuere
1647 3844 1818 3892 Valer.
1860 3842 1961 3890 Ms.
1986 3841 2105 3891 cod.
2129 3840 2195 3899 vi,
2234 3844 2281 3896 1,
2314 3842 2364 3888 7.
2430 3838 2529 3889 As·

1464 3909 1706 3957 censiana
1726 3916 1782 3958 et
1810 3908 1998 3971 Vulgg.
2033 3905 2347 3968 templorum
2379 3917 2530 3954 orne-

1463 3981 1645 4022 menta

1530 4038 1608 4087 Os
1637 4045 1877 4102 apertum
1908 4041 2001 4085 aut
2034 4034 2210 4098 lingua
2244 4040 2444 4096 promta
2479 4034 2522 4085 F

1461 4106 1582 4162 ⁸47,
1609 4107 1670 4152 18

1528 4167 1819 4219 Ostendam
1837 4164 2088 4216 rationem
2105 4177 2208 4230 qua
2226 4169 2372 4212 tanta
2395 4163 2532 4212 mala

1461 4229 1717 4296 effugistis
1746 4233 1790 4282 C
1811 4235 1877 4280 40
1943 4229 2275 4295 asperitatem
2297 4228 2460 4290 coepit
2488 4227 2528 4282 J

1460 4302 1527 4347 29
1592 4312 1650 4346 se
1686 4296 1877 4358 Mario,
1912 4305 2202 4360 postremos
2235 4293 2285 4342 in
2321 4292 2525 4355 sg'mine

1463 4367 1669 4413 tentare
1690 4361 1725 4413 J
1748 4366 1811 4413 66
1865 4374 1981 4412 sese
2002 4375 2122 4412 cum
2144 4356 2377 4409 exercitu
2397 4358 2433 4410 J
2454 4361 2521 4409 74
