2984 4892
938 451 1434 519 nnAdunurA,
1485 457 1633 506 mn.
1665 458 1772 510 iv.
2331 447 2464 517 317

326 602 573 668 Sealas
594 619 791 687 pares
815 602 1138 667 moenium
1164 604 1534 669 altitudine.
1581 601 1885 672 Artaxian.

329 704 684 770 Disffidere
728 705 889 770 inter
930 725 1003 771 se
1048 726 1335 792 coepere,
1378 711 1594 791 neque
1620 708 1689 772 in
1716 706 2035 773 mediumb
2063 712 2458 781 consultare.

328 910 573 976 Multis
601 931 731 995 que
760 912 1260 995 suspicionibus
1300 913 1596 977 volentia
1641 914 1830 998 plebi
1864 912 2154 981 fantinus
2179 916 2456 984 videbffl

244 1019 366 1080 tur.
418 1010 691 1092 Nonius,
740 1019 762 1049 ‘
783 1013 1117 1092 Volentia‚
1148 1033 1304 1097 quae
1332 1015 1531 1098 plebs
1559 1014 1800 1081 vellet?

324 1117 839 1202 Suspectusque
887 1117 1039 1195 fuit,
1096 1119 1419 1183 incertum
1473 1138 1634 1184 vero
1675 1138 1764 1183 an
1805 1139 1927 1203 per
1970 1121 2455 1204 negligentiam,

240 1219 625 1285 societatem
654 1218 1036 1303 praedarum
1065 1239 1218 1283 cum
1267 1219 1631 1285 latronibus
1678 1223 2169 1306 composuisse.
2252 1219 2455 1304 Idem,

243 1320 739 1407 ‘,Gomponere
767 1319 1207 1409 conjungere!
2445 1337 2454 1346 ·

325 1423 674 1509 Collegam
699 1426 1041 1505 minorem,
1070 1429 1135 1489 et
1163 1425 1271 1488 sui
1300 1425 1616 1490 cultorem
1643 1432 2028 1511 expectans.
2076 1426 2382 1492 Arusian.

326 1525 564 1606 Quam
604 1528 918 1593 maximis
963 1527 1307 1592 itineribus
1344 1547 1465 1612 per
1501 1548 1768 1612 regnum
1798 1528 2276 1596 Ariobarzanis
2305 1550 2461 1598 con-

240 1629 474 1709 tendit,
506 1630 596 1694 ad
624 1631 866 1696 fiumen
887 1629 1358 1713 Euphratem3e
1418 1650 1553 1714 qua
1572 1631 1643 1695 iu
1671 1637 1857 1717 parte
1897 1631 2341 1717 Cappadocia
2369 1633 2458 1698 ab

244 1731 562 1798 Armenia
574 1733 1010 1819 (disjungitur.
1099 1733 1187 1800 Et
1213 1753 1600 1817 quanquam
1631 1735 1719 1799 ad
1745 1736 1816 1799 id
1838 1753 2045 1800 naves
2074 1733 2456 1801 codicariae*

246 1836 509 1901 occulto
544 1855 663 1919 per
714 1835 1015 1920 hyemem
1060 1835 1401 1902 fabricatae
1450 1835 1741 1902 aderant.
1791 1832 1958 1901 Non.
2030 1841 2051 1870 ‘
2080 1835 2458 1903 Codicariae

243 1958 461 2019 naves,
488 1958 649 2023 quae
678 1940 749 2003 in
774 1938 1041 2003 flumine
1061 1939 1218 2003 usui
1244 1957 1396 2003 esse
1423 1936 1744 2020 possunt.’

322 2040 468 2120 Qui
498 2040 1198 2125 praetergrediebantur
1242 2039 1505 2124 equites
1548 2039 1979 2125 cataphracti,
2022 2040 2253 2107 ferrea·
2278 2042 2459 2108 omni

246 2141 492 2229 specie.
544 2138 747 2205 Idem.

314 2243 502 2310 Cum
528 2245 809 2324 interim,
851 2246 1119 2325 lumine,
1151 2247 1355 2312 etiam
1382 2251 1521 2312 tum
1549 2247 1824 2326 incerto,
1854 2246 2010 2311 duae
2042 2243 2288 2312 Galliae
2315 2259 2459 2312 mu-

246 2344 432 2413 lieres
486 2354 889 2414 conventum
941 2349 1229 2415 vitantes
1279 2350 1369 2415 ad
1396 2345 1754 2415 menstrua‘
1797 2347 2124 2414 solvenda.
2168 2353 2459 2415 montem

250 2450 628 2516 ascendunt.
677 2447 877 2514 Idem.
2559 2509 2562 2516 .

332 2552 770 2637 Pluteosque⁸
824 2552 1139 2620 rescindit
1174 2574 1257 2620 ac
1298 2557 1695 2622 munitiones
1751 2555 2120 2634 demolitur,
2177 2553 2459 2639 locoque

250 2674 501 2721 summo
528 2656 797 2740 potitur.
852 2652 1049 2734 Idem,
1095 2655 1478 2732 ‘Demoliri
1507 2663 1610 2723 est
1638 2656 1932 2722 diruere-³

317 2757 708 2825 Exercitum
723 2758 998 2837 dimisit,
1007 2763 1085 2823 ut
1100 2759 1386 2843 primum
1404 2758 1619 2845 Alpes
1637 2760 1986 2842 degressus
1997 2764 2122 2824 est.
2155 2754 2461 2822 Arusian.

327 2861 751 2940 TetrarchaS,
777 2882 1095 2946 regesque
1124 2864 1381 2927 territos
1413 2865 1613 2927 animi
1642 2861 1950 2927 firmavit.
1997 2857 2191 2924 Idem.

331 2962 549 3030 Simul
588 2984 733 3043 eos,
763 2971 831 3029 et
872 2972 1151 3031 cunctos
1188 2964 1335 3049 jam
1362 2966 1716 3030 inclinatos
1741 2965 2022 3028 laxitate
2049 2963 2208 3040 loci,
2237 2961 2461 3046 plures

254 3064 568 3144 cohortes,
599 3072 799 3150 atque
846 3086 1097 3146 omneS,
1128 3072 1202 3131 nt
1244 3069 1312 3132 in
1359 3067 1656 3132 secunda
1702 3086 1774 3131 re
1817 3067 2067 3150 pariter
2093 3083 2246 3129 acre
2271 3064 2462 3130 inva-

254 3163 431 3232 dunt.
483 3163 556 3232 N
552 3165 754 3232 onius.

333 3267 432 3333 Hi
457 3268 763 3333 locorum
790 3270 1141 3353 Ρθῐίἕῐὶθτί,
1180 3274 1247 3334 et
1287 3269 1469 3333 soliti
1494 3274 1752 3334 nectere
1791 3290 1881 3334 ex
1908 3269 2268 3334 viminibus
2295 3288 2463 3336 vasa

254 3372 550 3453 agrestia,
574 3371 673 3435 ibi
699 3376 864 3450 tum,
896 3370 1075 3456 quod
1117 3370 1353 3455 inopia.
1393 3376 1729 3437 scutorum
1770 3371 2004 3451 fuerat,
2052 3370 2140 3436 ad
2183 3392 2331 3438 eam
2358 3392 2461 3439 ar-

1246 3648 1462 3702 NOTAE

177 3828 188 3838 ·
312 3792 337 3827 ὓ
359 3795 418 3845 ln
438 3796 663 3860 affluar]
693 3795 761 3846 Id
783 3801 886 3859 est,
904 3795 956 3846 in
979 3811 1229 3847 omnm.
1392 3809 1481 3858 que
1499 3808 1655 3844 mense
1670 3759 2039 3859 peragerentnr‘:
2064 3794 2221 3859 idque
2239 3783 2464 3858 prolixe,

312 3877 337 3906 e
355 3873 671 3938 Ειφὴηίαιι]
706 3873 1003 3938 Euphrate·
1022 3871 1210 3924 fluvius
1231 3878 1315 3924 est
1394 3879 1452 3922 et
1474 3872 1638 3936 Lipeii
1662 3872 1939 3932 sententia,
1966 3878 2021 3921 et
2045 3869 2313 3920 Plutarchi
2344 3883 2463 3919 auc*

254 3947 388 3998 Asin
409 3950 774 4000 nobilissimus.
1396 3950 1611 3999 toritate
1635 3950 1816 3998 Donza
1833 3948 2124 3999 confirmat.

314 4022 339 4057 θ
362 4026 641 4089 cadim-iad
682 4026 745 4076 ld
770 4035 867 4086 est,
890 4025 1171 4076 secundum
1191 4027 1313 4076 Fes-
1461 4034 1488 4069 t
1518 4027 1818 4090 patremque]
1851 4025 2026 4075 Plutei
2042 4022 2290 4072 machinae
2310 4025 2465 4071 erant

256 4107 381 4164 tm,
399 4117 461 4152 ex
481 4104 659 4153 tab-lis
678 4101 1165 4160 cmoeioribusaetoe.
1396 4102 1619 4162 bellice,
1651 4102 1793 4150 corio
1827 4101 2058 4161 intectoe,
2097 4110 2313 4162 quorum
2340 4109 2463 4145 uuus

316 4182 341 4208 ‘
361 4177 559 4242 Fara]
608 4180 743 4243 Equi
776 4179 914 4228 enim
935 4185 993 4228 et
1013 4178 1110 4242 ipsi
1132 4175 1316 4229 ferreis
1395 4181 1537 4230 idem
1560 4193 1724 4243 prope
1762 4179 1852 4244 qui
1883 4179 2170 4242 vinearum,
2190 4174 2257 4226 ad
2285 4188 2461 4227 muron

252 4250 451 4302 lamnis
464 4255 645 4304 muniti
668 4261 838 4304 erant.
1399 4255 1772 4309 suffodiendo&

316 4326 627 4398 fmus]
678 4331 870 4399 Iden,
902 4330 1313 4397 &eramque-
