2984 4892
829 412 929 460 na
974 410 1141 462 aar.
1184 408 1644 461 onnmaun's
1693 412 1814 476 ne.
1854 412 1934 461 11.
2333 393 2466 462 359

264 554 391 621 Sed
422 577 531 620 me
559 555 677 620 illa
703 555 916 639 magis
942 555 1187 640 cupido
1215 561 1506 633 exercet,
1534 557 1629 621 uti
1663 557 2088 641 quocumque
2133 551 2357 637 modo,
2399 539 2481 623 et
2545 609 2551 615 .

262 658 748 743 quamprimum
775 658 1346 742 resp-adjuvem.
1434 655 1839 725 Libertatem
1885 659 2098 743 gloria'
2140 660 2463 725 cariorem

260 760 497 839 habeo,
528 765 733 844 atque
756 779 880 842 ego
927 765 994 824 te
1038 779 1158 825 oro
1194 761 1569 845 hortorque,
1600 781 1683 825 ne
1731 759 2137 827 clarissimus
2181 763 2463 845 impera-

259 868 425 939 tor,··
454 862 731 927 Gallica
757 867 951 945 gente
995 863 1300 942 subaeta‘,
1345 863 1582 949 populi
1630 861 1718 926 R.
1747 867 2077 928 summum
2126 869 2326 946 atque
2366 865 2467 928 in-

257 964 508 1029 victum
544 965 914 1050 imperium
961 967 1296 1031 tabescere
1323 971 1669 1044 vetustate,
1717 985 1802 1030 ae
1832 982 1951 1048 per
1978 963 2312 1029 summam
2330 964 2465 1030 dis-

257 1065 552 1130 cordiam
574 1065 803 1144 dilabi,
832 1067 1129 1150 patiaris.
1217 1067 1552 1146 Profecto,
1594 1068 1655 1131 si
1682 1065 1754 1130 id
1785 1065 2068 1143 accidat,
2099 1084 2316 1149 neque
2340 1067 2463 1132 tibi

255 1184 410 1246 uox,
461 1186 681 1252 neque
729 1166 872 1246 dies
922 1177 1177 1234 euram·
1233 1170 1440 1235 animi
1492 1169 1848 1250 sedaverit3
1911 1169 2068 1253 quin
2120 1168 2462 1234 insomniis

255 1270 618 1347 exercituS,
665 1268 1056 1335 furibundus
1082 1276 1283 1354 atque
1327 1289 1557 1336 amens
1599 1272 1880 1336 alienata
1919 1274 2134 1335 mente
2173 1269 2464 1334 feraris!

258 1368 577 1455 Namque
604 1369 767 1434 mibi
816 1389 941 1486 pro
984 1391 1143 1437 vero
1194 1376 1478 1452 constat,
1522 1373 1809 1436 omnium
1852 1372 2224 1437 mortalium
2254 1365 2461 1436 vitani

255 1470 483 1536 divino
507 1472 775 1536 numine
814 1472 1068 1537 invisi?
1112 1485 1328 1556 neque
1377 1473 1620 1538 bonum
1661 1490 1880 1557 neque
1922 1474 2164 1538 malum
2201 1473 2460 1538 facinus

252 1574 652 1659 cujusquam
680 1593 800 1657 pro
826 1573 1033 1640 nihilo
1058 1574 1319 1641 haberi:
1364 1574 1506 1653 sed,
1551 1595 1642 1640 ex
1689 1581 1945 1654 natura,
1993 1575 2259 1641 diversa
2288 1573 2460 1659 praess

250 1676 386 1740 mia
410 1676 633 1739 bonos
658 1674 1004 1760 malosque
1031 1676 1244 1759 sequi.
1337 1675 1602 1758 Interea
1627 1676 1794 1743 forte
1830 1696 1915 1742 ea
1949 1676 2204 1742 tardius
2231 1679 2463 1761 ‘proce-

251 1775 441 1843 dunt:
488 1795 654 1841 suus
686 1778 926 1861 cuique
957 1778 1215 1842 animus
1242 1797 1329 1842 ex
1357 1778 1768 1844 conscientia
1796 1797 1980 1863 spem
2005 1777 2286 1863 pr'aebe't.

335 1875 546 1957 Quod
577 1879 640 1941 si
666 1883 886 1943 tecum
914 1878 1136 1962 patria
1162 1883 1363 1962 atque
1403 1863 1711 1964 parentes
1736 1884 2009 1963 possent
2031 1880 2236 1964 loqui,
2281 1879 2459 1945 scili-

248 1985 355 2046 eet
379 1981 533 2046 haec
575 1973 700 2045 tibi
744 1980 1064 2045 dicerent:
1112 1977 1173 2044 Ο
1205 1978 1462 2059 Caesar,
1489 1999 1617 2045 nos
1655 1985 1721 2045 te
1749 1981 2090 2064 genuimus
2115 1981 2462 2046 fortissimi

249 2081 398 2160 viri,
425 2081 496 2145 in
543 2081 801 2165 optima
844 2082 1028 2161 urbe,
1058 2080 1297 2147 decus?
1339 2082 1862 2168 praesidiumque
1900 2083 2118 2163 nobis,
2153 2084 2457 2148 hostibus

250 2183 595 2248 terrorem!
677 2182 850 2263 Quae
879 2183 1105 2249 multis
1132 2185 1473 2250 laboribus
1503 2191 1571 2251 et
1595 2186 1911 2271 perieulis
1939 2204 2351 2269 ceperamus,
2378 2202 2472 2251 ea<

248 2283 368 2350 tibi
386 2287 694 2352 nascenfi
713 2307 861 2351 cum
887 2286 1112 2352 anima
1132 2288 1333 2353 simul
1354 2286 1762 2368 tradidimus,
1782 2288 2071 2373 patriam
2091 2288 2456 2352 maximam

248 2387 316 2449 in
342 2388 572 2469 terris3
617 2386 885 2453 domum
914 2388 1365 2473 familiamque
1393 2389 1463 2454 in
1509 2391 1731 2475 patria
1775 2390 2243 2472 clarissimam;
2287 2409 2458 2474 prae·

248 2492 429 2553 terea
456 2490 677 2555 bonas
703 2495 904 2569 artes,
933 2489 1245 2556 honestas
1272 2489 1575 2573 divitias3
1620 2497 1955 2575 postremo
1981 2492 2204 2557 omnia
2224 2491 2457 2558 hones-

244 2595 538 2658 tamenta
578 2595 796 2678 pacis,
826 2595 894 2657 et'
929 2593 1204 2677 praemia
1231 2593 1414 2658 belli.
1505 2593 1643 2658 Pro
1667 2594 1773 2659 his
1804 2594 2227 2676 amplissimis
2263 2594 2455 2659 bene-

244 2690 419 2758 fieiis
447 2714 583 2760 non
608 2696 930 2779 flagitium
956 2715 1000 2759 a
1026 2699 1116 2775 te,
1146 2716 1357 2781 neque
1385 2697 1632 2761 malum
1658 2696 1942 2774 faeiuuS‚
1972 2697 2293 2780 petimus3
2330 2692 2454 2759 sed

246 2795 340 2860 uti
364 2796 742 2863 libertatem
770 2817 1067 2863 eversam
1095 2801 1422 2865 restituas.
1515 2796 1677 2877 Qua
1719 2817 1789 2863 re
1828 2802 2113 2881 patrata,
2153 2795 2453 2879 profecto

244 2916 361 2980 per
386 2903 622 2982 gentes
648 2919 873 2965 omnes
898 2900 1080 2964 fama
1107 2901 1364 2967 virtutis
1391 2908 1528 2967 tuae
1567 2900 1898 2965 volitabit.
1986 2897 2300 2981 Namque
2325 2897 2453 2962 hac

247 3003 665 3084 tempestate,
718 3002 981 3067 tametsi
1042 3002 1230 3067 domi
1303 3003 1692 3087 militiaeque
1756 3002 2091 3085 praeclara
2157 2999 2456 3064 facinora

248 3102 468 3182 egisti,
499 3106 720 3166 tamen
769 3102 980 3185 gloria
1025 3108 1141 3168 tua
1189 3123 1339 3169 cum
1385 3104 1613 3171 multis
1644 3105 1805 3169 viris
1851 3103 2129 3169 fortibus
2173 3100 2454 3186 aequalis

249 3208 386 3268 eat.
432 3204 494 3268 si
522 3220 683 3268 vero
712 3205 943 3268 urbem
968 3204 1385 3288 amplissimo
1407 3207 1699 3285 nomine,
1728 3212 1795 3272 et
1817 3206 2110 3271 maximo
2147 3201 2452 3288 imperio,
2523 3273 2538 3290 .

310 3373 345 3399 ¹·
305 3367 1443 3495 “xmumnaexfrmoeftmm
1461 3443 1602 3502 utque
1619 3451 1795 3500 um,
1817 3436 1969 3487 moed
1989 3439 2144 3484 mente
2151 3432 2352 3494 sem-is.

306 3502 329 3528 ⁶
359 3489 446 3545 Aa
600 3512 690 3574 pro
708 3499 1069 3575 certeco-spei,
1083 3472 2287 3552 ommamaiumoiaema’ivimnmmeemi.

307 3567 333 3601 P
365 3561 474 3611 Noe
514 3561 792 3611 unanimis
763 3564 1092 3625 virigeaaima
1064 3568 1227 3612 arete
1208 3564 1609 3632 iaurbeoptinm,
1628 3565 1918 3617 atrita-oba
1934 3566 2089 3630 decue,
2108 3565 2192 3627 &c-

1248 3710 1299 3760 N
1305 3710 1470 3764 OTAE

308 3810 330 3838 ¹
362 3805 571 3869 Gru-am]
623 3805 972 3857 Conscientiae
996 3821 1216 3872 augore·
1237 3808 1315 3857 in·
1392 3811 1457 3861 ad
1502 3813 1636 3862 bane
1678 3825 1789 3862 rem
1828 3824 2009 3861 causas
2049 3807 2347 3867 subtexuit3
2395 3814 2455 3860 at

252 3884 461 3950 telligit.
529 3884 776 3934 Ceterum
821 3899 1018 3935 summa
1056 3892 1171 3936 arte
1203 3900 1319 3937 seo·
1394 3889 1612 3952 gloriam
1654 3881 1993 3954 potissimum,
2041 3901 2142 3952 qua
2184 3883 2300 3934 fere
2339 3884 2453 3934 sola
2521 3889 2526 3894 '

252 3974 367 4024 pum
388 3977 541 4012 suum
565 3961 837 4011 Sallustius
866 3960 1172 4014 dissimulat.
1236 3965 1315 4016 Eo
1391 3965 1565 4017 Julius
1586 3964 1907 4015 movebatur.
1946 3963 2127 4027 Neque
2140 3960 2194 4011 id
2216 3965 2451 4021 tantum3

251 4044 457 4100 spectat
475 4042 592 4087 tota
614 4036 807 4099 oratio,
839 4042 899 4086 ut
929 4052 1180 4088 summum
1211 4039 1316 4090 lm-
1395 4058 1513 4093 cum
1535 4043 1730 4093 virtute
1763 4041 1978 4106 gloriam
2012 4039 2088 4087 ita
2125 4036 2354 4100 copulat,
2375 4042 2463 4100 ut,

252 4112 447 4176 perium
491 4112 675 4162 Caesar
704 4121 947 4177 occupet,
986 4128 1202 4179 sperans
1239 4131 1315 4180 ae,
1392 4120 1495 4171 ‘nisi
1528 4120 1856 4185 obtemperet
1889 4114 2243 4180 magnanimus
2280 4110 2455 4177 Impe-

253 4201 343 4251 ρετ
368 4203 508 4252 eum,
536 4187 655 4238 illos
690 4195 1105 4254 persecuturum,
1138 4205 1171 4242 a
1206 4191 1315 4258 qui-
1393 4204 1677 4262 rator,uon
1694 4196 1848 4246 modo
1871 4191 2085 4255 Gloriae,
2121 4188 2213 4240 sed
2234 4188 2452 4256 Virtuti,

254 4263 343 4316 bas
373 4267 568 4317 Senatu
591 4270 767 4316 motus
797 4262 989 4319 fuerat.
1054 4267 1313 4321 Plurimus
1393 4272 1489 4326 sed
1509 4274 1728 4341 Patriae,
1742 4278 1891 4338 terga
1910 4268 2128 4322 vertisse
2145 4265 2401 4319 videatur.
