2984 4892
1204 324 1633 381 sannus‘rn.
2428 315 2517 381 Q

318 469 706 550 Pollionem,
735 473 803 537 ei
847 470 1053 538 ‘fflil
1080 470 1263 537 aliud
1290 469 1654 550 suadebat‚’
1683 477 1775 539 'ut
1809 468 2106 556 prodidit
2132 472 2514 557 Suetonius,

317 578 339 607 ‘
358 593 554 658 quam
584 582 665 640 ut
690 582 882 654 noto,
922 575 1271 658 civilique,
1287 578 1359 639 et
1386 575 1659 658 proprio
1687 588 1982 639 sermone·
2009 580 2314 655 uteretur,
2343 578 2515 642 vita-

310 682 535 760 retque
563 680 865 742 maxime
893 678 1361 745 obscuritatem
1387 683 1452 741 et
1480 678 1830 743 audaciam
1848 678 1919 741 in
1941 676 2516 746 translationibus?

314 775 643 844 Credibile
687 788 794 845 est
839 781 1226 846 Sallustium
1259 799 1341 845 ea
1356 792 1365 797 ·
1379 800 1452 845 re
1481 782 1869 863 gravitatem
1898 781 2067 865 styli.
2082 788 2416 864 captasse,
2445 784 2516 847 et

309 880 682 963 priscorum
710 882 970 948 illorum
1003 882 1455 953 Romanorum
1472 903 1840 949 sermonem
1862 883 2213 960 imitatum,
2233 880 2512 968 quorum

306 983 601 1050 moribus
619 991 764 1051 erat
779 984 1281 1063 dissimillimus,
1295 990 1372 1053 ut
1386 985 1736 1068 flagitiosae
1752 987 1910 1049 vitae
1928 985 2230 1049 maculas
2246 985 2510 1063 elueret,

310 1087 865 1173 persuaderetque
913 1088 1021 1165 iis,
1072 1089 1314 1171 quibus
1357 1089 1527 1161 ,satis
1574 1093 1776 1152 notus
1805 1108 1938 1152 non
1964 1093 2128 1165 erat,
2172 1085 2335 1152 falsa
2367 1103 2513 1150 esse

310 1188 550 1267 onmia,
582 1209 740 1277 quae
770 1190 856 1255 de
883 1189 1000 1254 illo
1027 1192 1244 1254 minus
1272 1189 1548 1254 honesta
1565 1190 2009 1274 jactabantur.
2101 1256 2106 1261 .
2157 1203 2167 1211 '

389 1288 647 1356 Verum
688 1291 796 1357 hae
842 1297 1017 1357 artes
1061 1291 1230 1356 belle
1269 1291 1517 1355 homini
1557 1309 1691 1355 non
1739 1296 2098 1371 cesserunt,
2139 1311 2297 1357 nam
2340 1309 2509 1356 anno

313 1390 394 1457 U.
424 1392 502 1457 C.
535 1402 812 1459 υοειιν.ι
859 1394 1054 1459 Coss.
1087 1393 1167 1460 L.
1204 1394 1493 1459 ⁴AEmilio
1526 1380 1773 1460 Paull‘o
1801 1402 1869 1460 et
1897 1394 1974 1459 C.
2010 1394 2296 1461 Claudio
2326 1392 2510 1458 Mar·

309 1495 489 1575 cello,
542 1494 820 1581 Appius
872 1496 1192 1577 Claudius
1246 1495 1531 1561 Pulcher
1588 1496 1863 1576 Censor,
1921 1517 2053 1563 non
2109 1500 2510 1582 repugnante

306 1594 580 1680 Collega
620 1599 705 1665 L.
759 1599 1169 1684 Calphurnio
1214 1599 1486 1679 Pisone,
1539 1610 1766 1665 omnes
1795 1601 2169 1678 libertinos,
2214 1604 2288 1664 ut
2313 1597 2511 1662 docet

310 1700 441 1766 Dio
457 1701 615 1766 Lib.
640 1720 695 1766 x
709 1720 773 1768 t..
797 1704 1042 1768 multos
1061 1704 1259 1769 etiam
1277 1703 1627 1787 nobilium,
1647 1709 1850 1787 atque
1866 1705 2033 1767 inter
2056 1721 2174 1766 eos
2199 1699 2508 1783 Crispum

308 1802 714 1881 Sallustium,
733 1807 851 1889 qui
883 1805 1261 1871 Historiam
1277 1807 1699 1890 conscripsit,
1725 1805 1973 1870 Senatu
1993 1805 2212 1889 ejecit.
2304 1799 2507 1880 Quod

304 1904 570 1984 factum,
618 1908 679 1972 si
727 1910 1055 1972 veteribus
1083 1907 1582 1973 Grammaticis²
1624 1906 1976 1984 credimus,
2025 1910 2297 1989 propter
2322 1901 2509 1967 adul-

304 2007 501 2089 teria3
546 2008 791 2073 dicitur
816 2010 991 2073 enim
1019 2009 1108 2073 ab
1136 2010 1220 2073 iis
1248 2013 1270 2042 ‘
1290 2007 1626 2099 Salustius
1652 2014 1833 2074 tanto
1862 2006 2095 2071 ardore
2115 2000 2508 2070 insanivisse

308 2107 372 2170 in
396 2109 766 2187 libertinas,
807 2114 1054 2194 quanto
1085 2110 1384 2175 moechus
1411 2111 1483 2173 in
1511 2116 1873 2187 matronas,
1923 2107 2105 2192 quod
2133 2126 2281 2173 cum
2311 2107 2410 2171 illi
2438 2107 2509 2171 in

304 2210 542 2287 Senatu
590 2232 635 2276 a
660 2210 1064 2277 Censor-ibus
1115 2211 1463 2297 objectum,
1493 2217 1694 2290 esset,
1739 2211 2081 2294 respondit
2108 2231 2181 2274 se
2206 2230 2337 2275 non
2364 2230 2508 2274 ma·

304 2320 653 2391 bonarum,
715 2313 843 2385 sed
894 2314 1347 2377 libertinarum
1401 2319 1793 2381 sectatorem
1847 2332 2020 2379 esse.
2130 2310 2386 2390 Quare
2413 2330 2504 2377 ex

303 2414 591 2494 Senatu:
614 2417 939 2500 inquiunt,
990 2418 1012 2448 ‘
1029 2416 1280 2500 ejectus
1321 2414 1468 2483 est.'
1511 2446 1518 2459 ·
1556 2415 1716 2481 Ηοο
1745 2435 2009 2500 quoque
2051 2416 2114 2479 ei
2141 2414 2504 2498 exprobrat

302 2527 694 2601 personatus
749 2518 861 2583 ille
918 2516 1202 2595 Cicero,³
1250 2518 1379 2601 'qui
1424 2517 1925 2583 Declamatione
1969 2518 2041 2581 in
2083 2515 2231 2600 ejus
2286 2532 2502 2578 mores

305 2619 601 2685 invectus
628 2626 752 2685 est.
839 2619 1030 2685 Idem
1050 2639 1174 2684 nos
1190 2620 1409 2699 docet,
1429 2626 1791 2705 postquam
1809 2617 2138 2689 Censores
2162 2617 2501 2694 Senatum,

298 2740 473 2787 more
498 2723 827 2807 majorum
856 2724 1185 2805 legissent,
1236 2742 1569 2808 nusquam
1607 2727 2035 2806 conspectum
2072 2739 2220 2784 esse
2250 2717 2505 2782 Sallus·-

294 2825 454 2891 tium
486 2825 758 2902 Romae,
789 2826 1290 2910 suspicaturque
1319 2833 1457 2892 tum
1485 2844 1559 2889 se
1607 2828 1629 2857 ‘
1650 2825 2019 2908 conjecisse
2053 2823 2121 2887 in
2151 2840 2234 2889 ea
2262 2824 2504 2896 castra,

296 2946 424 3010 quo
474 2929 696 2992 omnis
748 2928 1004 2993 sentina
1052 2926 1476 3012 Reipublicae
1534 2888 1999 3004 confluxerat?
2071 2923 2199 2987 hoc
2251 2926 2375 2999 est,
2433 2921 2504 2983 in

295 3029 588 3096 Galliam
635 3029 727 3095 ad
781 3028 1121 3096 Caesarem
1172 3050 1245 3095 se
1292 3030 1673 3096 contulisse.
1763 3027 1829 3091 N
1836 3047 1923 3091 on
1950 3025 2311 3090 minoribus
2340 3038 2503 3087 con-

294 3134 511 3199 viciis⁴
550 3153 707 3197 eum
734 3132 1123 3215 exagitavit
1142 3131 1449 3208 LenaeuS,
1497 3127 1804 3212 Pompeii
1833 3127 2063 3209 Magni
2087 3126 2384 3202 libertus,
2414 3142 2500 3188 ex

298 3253 506 3303 amore
553 3255 713 3319 erga
753 3235 1020 3319 patroni
1068 3235 1474 3312 memoriam,
1526 3251 1725 3316 quem
1750 3230 2114 3297 Sallustius
2146 3228 2502 3311 scripserat

300 3341 459 3404 ‘oris
480 3338 702 3422 probi,
723 3339 947 3402 animo
964 3337 1399 3405 inverecundo
1419 3332 1677 3401 fuisse!
1766 3332 1932 3398 Ideo
1951 3332 2238 3398 Lenaeus
2261 3332 2500 3413 postea

300 3437 707 3505 Historicum
728 3445 1027 3504 nostrum
1055 3443 1075 3472 ‘
1089 3439 1522 3505 acerbissima
1535 3433 1800 3515 Satira,’
1818 3440 1891 3500 ut
1911 3434 2109 3499 docet
2125 3430 2498 3506 SuetoniuS,

298 3544 317 3573 ‘
335 3539 695 3619 laceravit:
722 3541 1091 3609 lastaurum
1117 3548 1186 3607 et
1212 3543 1542 3607 lurconem
1571 3542 1638 3604 et
1657 3538 2043 3607 nebulonem
2066 3534 2500 3620 popinonem-

298 3663 414 3727 que
468 3644 839 3729 appellans,
895 3652 964 3709 et
1017 3647 1160 3710 vita
1204 3645 1611 3727 scriptisque
1662 3645 2128 3715 monstrosum,
2179 3639 2499 3720 praeterea

298 3748 682 3829 priscorum,
758 3747 1171 3833 Catonisque
1224 3749 1567 3814 verborum
1623 3741 2210 3810 ineruditissimum
2264 3739 2492 3805 furem.

302 3846 447 3927 Qua
493 3869 585 3915 ex
624 3853 1007 3931 occasione,
1058 3852 1158 3917 sic
1204 3851 1286 3916 de
1331 3849 1662 3933 Pompeio
1701 3847 2080 3932 scripsisset
2107 3840 2491 3921 Sallustius,

481 4093 506 4139 l
543 4088 606 4139 Δ.
628 4089 756 4141 Chr.
778 4090 853 4141 N.
875 4101 928 4139 r..
1188 4091 1221 4136 2
1251 4086 1425 4139 schol.
1442 4085 1500 4135 iu
1515 4084 1626 4136 sat.
1646 4098 1687 4135 r.
1713 4089 1764 4135 2.
1787 4080 2018 4134 Horatii.

480 4173 513 4220 ⁸
546 4169 674 4239 cq».
695 4178 750 4223 5.
773 4176 834 4222 et
854 4173 911 4220 6.
1186 4171 1219 4219 4
1250 4166 1529 4220 Suetonius
1550 4166 1619 4218 de
1629 4166 1829 4271 illustr.
1852 4163 2086 4217 Gratum.
2108 4174 2223 4226 etp.
2245 4162 2322 4213 1⁵.
