2984 4892
482 379 712 452 xxxvi

482 547 701 597 eventus
719 541 904 594 habuit
923 541 968 593 C
983 544 1043 592 11
1112 538 1331 591 bonisne
1350 554 1417 591 an
1447 553 1557 591 me·

483 610 550 661 lis
570 609 802 659 moribus
825 607 1058 657 vivamus
1080 605 1124 655 C
1141 609 1207 656 68
1269 606 1325 655 in
1353 605 1556 656 artibus

486 676 751 726 civitatem
796 673 1056 724 retinebat
1093 670 1127 723 J
1158 674 1220 721 41
1290 686 1405 737 quae
1445 686 1558 736 pes-

484 740 601 791 simi
625 746 680 790 et
699 738 988 789 stultissimi
1011 737 1294 787 deerevere
1327 750 1389 786 ea
1409 736 1556 786 bonis

486 811 544 856 et
563 804 880 870 sapientibus
900 800 1142 853 facienda
1166 809 1286 851 suut
1319 801 1362 851 Ρ
1385 805 1502 861 880,
1522 806 1553 850 6

486 868 712 933 negotiis
749 868 1003 933 impedita
1039 867 1217 932 plebes
1257 868 1298 917 F
1338 871 1454 927 868,
1491 868 1553 916 14

485 934 680 999 praeliis
705 949 857 1000 quam
876 932 1101 985 fortibus
1122 932 1351 983 consiliis
1371 932 1415 981 F
1437 934 1554 993 867,

485 1004 517 1050 8
582 1014 752 1066 neque
783 1006 929 1050 recte
963 1011 1135 1062 neque
1172 1012 1266 1061 pro
1289 997 1424 1047 bono
1445 994 1556 1046 fac-

487 1072 663 1116 turum
696 1065 732 1117 J
752 1069 819 1115 88
885 1079 980 1130 pro
1018 1063 1153 1114 bono
1183 1062 1471 1112 ducebatur

483 1135 623 1245 ἶῖἷι,
640 1129 1111 1245 ’ξ’...ἳὲἓὲωῗῖῗέ
1132 1132 1553 1243 ἓὲῖωιξφέᾰέ

484 1260 624 1319 Gen,
661 1261 819 1311 etiam
844 1266 973 1310 vett.
997 1229 1249 1323 usurpant,
1267 1258 1552 1322 eleganter.

482 1325 591 1390 Sic,
625 1325 759 1375 bono
794 1326 926 1375 lucis
964 1323 1186 1375 fruitur-2
1223 1326 1424 1373 Seneca
1444 1324 1549 1388 Ep.

480 1394 564 1440 79.
586 1397 643 1441 et
677 1391 841 1441 Herc.
865 1390 926 1440 F.
948 1393 1044 1439 816
1084 1389 1341 1453 percussit
1370 1391 1551 1439 oculos

479 1455 614 1506 lucis
655 1457 852 1520 ignotae
897 1454 1053 1514 bono,
1096 1455 1174 1504 ita
1215 1454 1352 1504 enim
1396 1461 1550 1504 vetus

483 1520 665 1571 Codex
688 1522 746 1572 C.
777 1520 994 1582 Christi,
1034 1526 1092 1569 et
1129 1518 1343 1584 optima
1376 1519 1552 1584 magni

479 1586 652 1662 pacis
690 1585 1016 1636 membranae.
1080 1599 1111 1633 a
1141 1598 1267 1635 vero
1307 1584 1552 1650 bonoque

479 1650 898 1782 3352&ss
922 1654 998 1765 ἒξ
1020 1650 1551 1778 ,ἐῖἲξὶζιῗέωῗὲἓ

479 1780 643 1846 magia
683 1781 856 1831 aemuli
900 1778 1151 1829 bonorum
1190 1794 1344 1857 quam
1387 1780 1553 1829 invidi

472 1846 747 1961 {22:325}
762 1844 1552 1974 t{3;.¹30„22‘¹22‘;3⁰”3232.251

475 1973 608 2038 (vid.
627 1974 803 2041 notas)
822 1990 1000 2042 equos
1020 1976 1288 2040 bonosque
1310 1973 1491 2026 favere
1512 1974 1551 2027 J

542 2107 749 2157 Bonum
770 2105 930 2157 otium
951 2111 1223 2157 conterere
1245 2105 1483 2156 secordia
1505 2106 1550 2156 C

478 2175 512 2221 4
577 2171 843 2236 publicum
879 2171 1179 2221 simulantes
1216 2170 1260 2222 C
1281 2170 1346 2220 88
1391 2171 1554 2220 maxi·

477 2250 616 2287 mum
646 2237 700 2286 in
735 2236 1013 2286 celeritate
1045 2235 1264 2301 putabat
1294 2233 1338 2285 C
1358 2238 1422 2285 48
1491 2244 1549 2287 et

477 2314 682 2418 ῗιὲιέιιιὲι
697 2300 1080 2416 ggitiisscarius
1097 2301 1133 2353 J
1152 2305 1217 2415 ll?
1264 2300 1547 2416 ιιιῖιιῐπκειιῖιιι

978 2381 1037 2415 an
1079 2380 1138 2415 ra
1210 2399 1226 2414 .
1357 2380 1422 2414 ue
1492 2380 1546 2415 o·

477 2436 686 2480 nestum
743 2400 1008 2494 pe’rcuisus
1043 2380 1083 2481 {³1
1126 2433 1193 2480 88
1280 2381 1546 2495 iquenium

477 2495 797 2546 contumelia
817 2508 1090 2544 accensum
1114 2508 1227 2544 esse
1248 2494 1285 2547 J
1307 2500 1372 2545 88
1439 2497 1547 2546 ani·

475 2574 618 2611 mum
660 2559 729 2609 de
772 2559 1021 2610 Numidia
1062 2559 1251 2610 habete
1286 2559 1323 2612 J
1356 2564 1419 2610 86
1488 2569 1545 2612 et

471 2631 745 2677 strenuum
766 2625 809 2674 F
831 2628 946 2687 886,
967 2627 1030 2674 18
1063 2624 1107 2674 F
1126 2628 1244 2688 867,
1261 2629 1322 2674 81
1360 2624 1404 2675 F
1425 2630 1544 2691 840,

475 2694 541 2741 88
606 2689 704 2742 Jus
733 2689 1028 2755 bonumque
1056 2689 1195 2753 apud
1230 2704 1320 2740 eos
1343 2704 1446 2739 non
1469 2691 1546 2741 le-

477 2755 628 2820 gibus
659 2755 824 2819 magis
858 2769 1010 2821 quam
1045 2761 1230 2805 natura
1262 2754 1475 2805 valebat
1498 2757 1543 2807 C

472 2825 509 2872 9
572 2821 787 2885 ignavus
819 2820 863 2869 C
905 2823 967 2870 11
1050 2833 1202 2869 nemo
1242 2819 1544 2871 libertatem

476 2886 577 2935 nisi
610 2901 729 2936 cum
765 2885 933 2935 anima
963 2885 1111 2933 simul
1152 2884 1352 2935 amittit
1394 2884 1440 2934 C
1476 2891 1543 2936 88

477 2950 704 3005 Consilio
726 2956 783 2999 et
800 2949 982 3014 praelio
995 2956 1235 2999 strenuus
1258 2949 1293 3001 J
1313 2953 1347 3001 7
1416 2964 1545 3015 ager

474 3016 655 3081 pecori
686 3015 722 3067 J
752 3018 814 3066 17
879 3013 1101 3079 Segnior
1120 3013 1183 3065 fit
1200 3013 1291 3063 nbi
1312 3015 1546 3079 negligas

476 3080 513 3133 J
534 3085 599 3131 81
669 3080 904 3145 gratuito
937 3078 1074 3128 band
1096 3077 1252 3130 facile
1275 3079 1543 3145 quisquam

473 3146 519 3196 1³·
538 3148 658 3207 888,
680 3149 712 3194 8
777 3158 840 3194 ea
860 3149 1179 3208 tempestate
1200 3151 1386 3194 contra
1408 3146 1544 3210 peri-

472 3210 593 3261 cula
612 3217 670 3260 et
690 3209 1024 3260 ambitionem
1045 3209 1087 3259 F
1110 3213 1226 3273 881,
1251 3214 1315 3260 16
1380 3218 1544 3276 atque

472 3275 701 3325 clemens
721 3274 790 3324 ait
804 3275 848 3325 F
865 3278 982 3335 840,
1003 3277 1035 3322 7
1101 3275 1191 3325 ubi
1227 3275 1542 3327 deteriorem

473 3338 670 3390 divitiis
704 3339 869 3403 magis
902 3339 1115 3399 ciarum,
1151 3339 1419 3406 magisque
1455 3356 1542 3392 ae·

473 3418 537 3455 ce
577 3409 684 3453 tum
705 3403 852 3454 videt
869 3403 912 3453 F
931 3408 1048 3468 868,
1064 3407 1133 3454 88

591 3469 698 3519 revi
718 3468 889 3534 spatio
923 3470 1164 3519 coaluere
1192 3470 1227 3523 J
1250 3473 1314 3521 87
1380 3476 1434 3521 et
1456 3486 1541 3522 su-

474 3546 587 3599 pra,
621 3534 735 3585 vita
770 3533 815 3587 C
838 3538 865 3584 1
936 3535 1034 3583 oevi
1067 3533 1102 3586 J
1126 3540 1153 3586 1
1219 3535 1452 3587 breviter
1482 3544 1541 3588 et

472 3597 679 3652 modice
697 3599 766 3650 de
782 3612 915 3666 paee
936 3599 1182 3651 disseruit
1200 3600 1236 3652 J
1264 3604 1354 3652 111

981 3731 1025 3782 C

538 3858 827 3925 Cadawn,
842 3860 981 3912 inter
991 3860 1215 3912 hostium
1238 3862 1282 3913 C
1302 3865 1369 3911 04
1422 3862 1537 3913 hos-

473 3922 586 3974 tilia
603 3923 896 3990 volventes,
927 3926 1057 3977 ibid.
1122 3927 1297 3990 armis,
1330 3941 1536 3993 cruore,

471 3989 618 4040 lactu
639 3992 889 4056 compleri
912 3992 956 4043 C
977 3997 1038 4042 61
1066 3996 1123 4041 et
1141 3992 1176 4045 J
1202 3997 1294 4044 101

469 4116 483 4131 ι
537 4053 742 4105 Cadere
764 4064 856 4108 aut
884 4057 1104 4107 sauciari
1122 4056 1158 4108 J
1181 4060 1246 4108 98
1301 4058 1537 4125 plerique

468 4131 692 4170 inermes
710 4119 745 4172 J
769 4125 834 4170 64

531 4181 676 4234 enci
729 4184 947 4237 avaritia
996 4186 1034 4238 J
1087 4190 1154 4236 80
1240 4192 1297 4236 et
1340 4186 1535 4239 nudum

465 4246 1345 4378 ffiffiail'ffi‘ffiz‘ssss‘
1384 4253 1532 4372 ἐξὲξ

883 4350 903 4382 ,
1300 4351 1315 4369 .
1349 4333 1382 4369 v

1165 389 1416 442 111qu
1462 386 2019 441 onauuamcus

1628 539 1766 589 enim
1789 552 1942 604 quem
1964 535 2183 588 adducit
2200 535 2278 587 sic
2309 536 2570 602 legendus
2594 544 2707 589 cst!

1631 605 1746 655 Nec
1795 605 1956 655 traxit
2001 617 2162 653 cosas
2214 601 2283 652 ad
2326 610 2423 652 tua
2469 604 2710 655 membra

1629 684 1822 721 comas.
1855 669 1938 719 vei
1959 684 2076 719 cum
2099 664 2278 732 Lipsio
2312 669 2416 732 Ep.
2444 669 2517 721 Q.
2541 669 2620 730 iii,
2654 674 2704 719 8.

1628 736 1814 797 sectas,
1836 739 1927 784 aut
1942 735 2114 784 lvsns.
2130 747 2277 783 coeca
2292 748 2482 782 manus
2507 733 2708 787 Lucan.

1627 799 1704 860 iii,
1725 802 1823 849 788
1889 800 2145 862 Cupidine
2164 800 2364 848 animus
2386 798 2422 850 J
2445 803 2512 848 86
2537 807 2596 849 et
2617 803 2684 849 87

1695 864 1856 915 Caede
1881 874 2038 930 atque
2057 864 2202 915 luctu
2227 864 2402 913 omnia
2435 864 2708 928 complen-

1628 935 1717 980 tur
1744 930 1780 982 J
1798 933 1864 979 98
1933 930 1997 979 ad
2030 930 2094 979 P.
2121 930 2185 979 R.
2208 929 2400 979 suimet
2433 930 2706 993 sang-uinis

1627 995 1871 1046 mercede
1911 997 2032 1060 (pro
2068 993 2240 1059 caede)
2287 995 2710 1046 circumvenien-

1626 1060 1986 1122 ‹iuml-'2⁷27
2052 1058 2706 1125 cadecatderanguine

1626 1127 1950 1190 sanguinem,
1999 1123 2272 1175 barbarico
2318 1126 2423 1175 ritu
2486 1126 2704 1189 expian-

1625 1192 1694 1241 da
1749 1192 1792 1241 F
1841 1195 1958 1255 848,
2013 1195 2075 1240 14
2177 1190 2419 1242 incendia
2493 1191 2706 1258 aliaque

1627 1256 1751 1307 belii
1795 1255 2027 1308 facinora
2071 1255 2115 1305 C
2155 1259 2219 1306 88
2258 1256 2386 1307 (361
2455 1257 2704 1307 incendia

1624 1320 1738 1372 fieri
1777 1322 1822 1373 C
1859 1326 1922 1372 61
1990 1322 2208 1383 caedem,
2253 1319 2453 1386 fugam,
2493 1322 2702 1388 aliaque

1623 1387 1835 1438 hostilia
1868 1388 1904 1440 J
1929 1391 1959 1437 8
2026 1387 2224 1437 caedem
2246 1387 2299 1436 iu
2323 1402 2416 1437 voa
2436 1385 2632 1437 fecisse
2664 1387 2703 1440 J

1625 1457 1686 1503 81
1756 1453 1850 1503 sie.
1875 1453 1988 1504 Cic.
2029 1467 2127 1515 pro
2163 1453 2276 1501 Mil.
2298 1456 2381 1502 07.
2405 1460 2464 1503 et
2491 1456 2581 1503 80.
2650 1453 2704 1504 in

1625 1518 1792 1567 Bruto
1815 1526 1871 1566 et
1893 1532 1988 1582 pro
2007 1517 2154 1582 Sylla
2181 1521 2264 1567 68.
2296 1517 2362 1566 ad
2386 1533 2431 1568 c.
2473 1519 2647 1583 parati
2665 1518 2702 1571 J

1626 1586 1688 1632 86
1755 1582 1929 1633 caedes
1966 1584 2196 1633 oriantur
2233 1583 2277 1632 F
2299 1586 2419 1644 800,
2441 1588 2476 1633 4
2544 1584 2705 1633 cedia

1626 1648 1897 1698 consilium
1919 1649 1973 1698 in
1998 1648 2137 1698 Non.
2165 1647 2290 1698 Feb.
2314 1648 2703 1699 transtulerant

1627 1712 1671 1763 C
1697 1717 1758 1762 18
1823 1721 2022 1764 vastam
2044 1713 2223 1763 urbem
2243 1713 2370 1778 fuga
2391 1720 2449 1764 et
2465 1715 2703 1765 cedibus

1625 1778 1670 1828 F
1692 1782 1810 1842 877,
1829 1784 1860 1828 6
1927 1777 2202 1829 caeduntur
2235 1777 2377 1828 inter
2399 1781 2701 1844 potentium

1626 1842 1941 1907 iuimicitias,
1960 1846 2060 1894 διο.
2096 1844 2139 1892 F
2156 1846 2270 1908 808,
2290 1847 2324 1894 8

1691 1908 1971 1959 Calamitas
2045 1915 2208 1974 atque
2265 1908 2438 1958 clades
2513 1924 2703 1975 magua

1627 1970 1811 2038 Remp.
1834 1975 2180 2039 oppressisset
2212 1973 2254 2023 C
2277 1977 2344 2024 89
2409 1974 2465 2023 in
2501 1984 2704 2039 quanta

1624 2038 1695 2088 sis
1727 2039 1772 2088 C
1791 2043 1857 2088 44
1925 2039 2300 2090 calamitosum
2334 2036 2438 2089 sibi
2469 2041 2700 2093 maxine

1620 2101 1917 2154 incendium
1940 2102 1983 2155 C
2005 2104 2070 2154 48

1690 2168 1944 2219 Callidum
1964 2168 2260 2220 facundiam
2284 2171 2502 2221 exercui
2525 2170 2702 2233 17888,

1626 2237 1686 2283 11
1754 2234 1965 2298 callida,
1999 2234 2174 2298 docta,
2204 2234 2382 2286 faceta
2413 2236 2630 2287 Poenul.
2666 2239 2702 2301 i,

1622 2303 1673 2347 8.
1741 2299 1919 2349 callidi
1955 2307 2012 2350 et
2049 2307 2351 2365 repertores
2391 2300 2635 2367 perfidie
2657 2303 2700 2354 Ρ

1623 2367 1741 2428 818,
1786 2369 1850 2415 10
1913 2365 2173 2416 calliditas
2214 2380 2381 2430 prava
2425 2366 2470 2416 1³¹
2497 2371 2624 2430 814,
2665 2372 2700 2418 8

1620 2430 2511 2561 ἕὲιῗιῗὲ.’ἳὲ“ῑξὲῧῖ“ἳῖ.ῗὶἔῗξ;ἶ8
2532 2447 2700 2548 ...Ἢ

1617 2572 1780 2610 nuere
1813 2560 1848 2613 J
1872 2564 1933 2609 81
1969 2559 2241 2626 facundus,
2271 2561 2515 2627 callidus,
2533 2564 2639 2613 dec.
2661 2563 2697 2615 J

1618 2624 2014 2750 3112333‘553
2048 2624 2257 2756 Σῖωὲῒ.
2295 2640 2557 2743 ’ἒΐὲῗῆἳ
2571 2638 2698 2756 ἰ’ἶέἶ

1620 2757 1653 2802 4
1716 2754 1803 2804 Sic
1819 2756 1993 2807 Plant.
2104 2755 2174 2806 iu.
2216 2757 2253 2819 i,
2284 2759 2336 2817 8,
2376 2760 2461 2807 84.
2527 2760 2692 2823 magia

1618 2818 1783 2869 malus
1807 2835 1958 2885 quam
1975 2820 2191 2871 callidus
2206 2821 2417 2886 ingenio
2434 2824 2479 2871 F
2495 2827 2617 2886 866,
2628 2826 2692 2874 at

1685 2884 1968 2936 Calonibus
1994 2892 2051 2936 et
2083 2887 2262 2951 paucis
2293 2886 2496 2937 sicariis
2517 2888 2694 2952 Ρ881,

1620 2952 1651 2997 8
1717 2960 1814 3013 per
1849 2951 2088 3001 calonum
2136 2965 2361 3017 corpora
2397 2952 2453 3001 in
2488 2967 2694 3005 murum

1619 3015 1879 3064 attollitur
1901 3017 1943 3065 F
1963 3019 2080 3080 889,
2099 3022 2129 3066 6

1685 3078 1922 3130 Calorem
1941 3087 2033 3131 aut
2053 3081 2395 3146 asperitatem
2417 3082 2454 3135 J
2479 3088 2548 3134 17

1684 3143 1957 3194 Calumnia
2006 3161 2288 3210 paucorum
2332 3148 2582 3212 impediti
2625 3165 2694 3201 ne

1616 3206 1774 3259 trium
1814 3209 1999 3260 ban-ent
2020 3211 2064 3262 C
2092 3216 2157 3261 80
2218 3213 2496 3264 calumnie
2520 3216 2696 3281 proxi·

1617 3288 1731 3324 mus
1819 3279 1935 3335 868,
1967 3280 2002 3326 8

1683 3339 1904 3391 Camera
1954 3340 2130 3393 vincta
2183 3340 2473 3393 fornicibus
2523 3343 2571 3394 C
2625 3348 2690 3396 66

1617 3402 1686 3455 de
1718 3405 1895 3468 lignea
1929 3412 2193 3457 structura
2226 3407 2425 3473 accipit
2465 3410 2691 3461 Sueten.

1617 3469 1674 3519 in
1714 3471 1935 3584 tNerone
1991 3475 2074 3521 84.
2139 3471 2263 3522 inde
2296 3474 2491 3539 lapidis
2539 3474 2692 3526 addit

1616 3548 1710 3584 nos
1738 3550 1797 3584 er

1683 3600 1868 3666 Campi
1886 3602 1986 3651 :sin
2001 3602 2339 3667 opportunior
2350 3601 2497 3668 fuge
2514 3605 2692 3670 campi

1617 3679 1777 3780 quana
1803 3666 1949 3716 collis
1971 3668 2007 3718 J
2042 3672 2109 3717 60
2174 3668 2479 3733 patentibus
2514 3671 2554 3724 J
2580 3676 2692 3736 101,

1622 3736 1688 3779 et
1713 3736 1739 3780 1
1779 3737 1808 3780 6

1682 3795 1936 3861 Candida,
1970 3810 2178 3862 semper
2219 3797 2272 3847 in
2312 3798 2553 3863 periculo
2588 3802 2689 3851 &e-

1615 3859 1813 3910 Contra
1834 3863 1920 3927 qui
1943 3862 2263 3925 benignitate
2286 3866 2388 3913 dte.
2410 3863 2688 3928 imperium

1616 3932 1996 3991 temperavere,
2050 3926 2129 3977 bis
2185 3927 2310 3978 laeta
2357 3935 2416 3978 et
2459 3930 2688 3981 candida

1613 3991 1786 4042 omnia
1806 3992 1917 4042 visa
1939 3991 1982 4041 Ρ
2001 3995 2120 4053 848,
2145 3996 2182 4042 8

1645 4057 1882 4175 ¹Canjsre
1906 4056 2055 4123 sigua
2074 4057 2109 4109 J
2130 4061 2197 4108 94
2260 4056 2527 4124 legionum
2549 4058 2684 4111 tabi·

1612 4137 1643 4172 c
1663 4136 1754 4173 ues
1831 4127 1898 4173 99

1678 4187 1930 4239 Cauinam
1980 4185 2283 4240 facundiam
2336 4190 2582 4243 exercuit
2631 4190 2678 4242 P

1611 4256 1729 4312 887,
1758 4257 1818 4303 16

1671 4317 1894 4385 Capere,
1925 4331 2095 4386 neque
2131 4315 2297 4385 frigus
2331 4332 2506 4387 neque
2533 4316 2675 4371 lani-
