2984 4892
1038 403 1129 453 m
1170 404 1693 456 saeuum-mu.
1727 413 1734 420 ·
2336 393 2480 463 m

256 558 477 635 m,
511 550 596 615 P.
626 550 709 618 C.
738 551 1073 633 exhaurit,
1102 558 1415 638 quantum
1452 555 1694 620 voluit.
1801 552 1910 620 Ne
1935 558 2239 622 causam
2285 557 2468 623 dice-

253 657 370 731 ret,
394 656 757 721 ‘sestertio‘’
787 655 1159 721 ‘duodecies
1187 673 1339 721 cum
1368 655 1641 722 Caesare
1679 657 2069 743 paciscitur.
2159 658 2362 740 Quod
2405 661 2467 726 'si

253 756 604 840 quidpiam
630 778 858 823 eorum
886 757 1129 822 §alnum
1157 757 1307 838 esti
1348 758 1457 823 hic
1482 759 1714 843 palam
1744 760 1994 840 refelle,
2018 762 2194 827 unde
2221 768 2319 841 tu,
2351 763 2468 847 qui
2536 819 2546 832 .

250 858 454 924 modo
506 879 591 925 ne
636 866 978 945 paternam
1024 860 1295 945 quidem
1326 861 1616 926 ’domum
1657 861 1978 928 redimere
2004 866 2320 948 potueris,
2363 885 2468 932 re-

253 965 447 1045 perte
476 965 794 1048 tanqmim
827 964 1085 1029 somnio
1113 965 1375 1043 beatus,
1400 966 1654 1030 hortos?
1676 966 2215 1050 pretiosissimos,
2242 969 2468 1033 villam

252 1063 519 1131 Rheni
549 1065 630 1131 C.
662 1066 979 1146 Caesaris,
1025 1068 1315 1153 reliquas
1358 1068 1822 1153 possessiones
1868 1070 2210 1152 paraveris
2229 1071 2260 1135 't
2329 1070 2471 1136 Ne-

254 1187 382 1251 que
434 1170 651 1253 piguit
701 1190 1025 1254 quaerere,
1076 1191 1196 1235 cur
1219 1189 1344 1253 ego
1396 1170 1480 1236 P.
1532 1168 1756 1235 Crassi
1805 1170 2071 1236 domum
2113 1174 2468 1242 emissemx

255 1291 403 1335 cnm
451 1277 528 1335 tu
571 1274 813 1337 veteris
842 1272 1020 1337 villae
1066 1272 1374 1337 dominus
1405 1273 1524 1350 siS,
1567 1271 1761 1356 cujus
1811 1274 2010 1358 paulo
2055 1281 2206 1339 ante
2249 1276 2469 1341 fuerat

256 1372 491 1439 Caesar
511 1374 542 1438 't
603 1374 855 1453 modo,‘⁸
885 1378 1181 1459 inquam,
1210 1376 1607 1459 patrimonio
1634 1396 1768 1442 non
1794 1396 2088 1455 comeso,
2119 1378 2244 1442 sed·
2267 1378 2467 1442 devo-

254 1482 421 1555 rato,
464 1477 714 1561 quibus
758 1478 1125 1542 rationibus
1172 1483 1437 1562 repente
1482 1478 1703 1544 factus
1756 1500 1830 1544 es
1874 1485 2007 1545 tam
2051 1479 2350 1560 affluens,
2400 1484 2469 1544 et

253 1585 385 1644 tam
418 1580 661 1645 beatus
683 1581 714 1645 'l
783 1579 967 1645 Nam
996 1581 1150 1665 quis
1194 1586 1256 1644 te
1298 1580 1546 1647 faceret
1573 1582 1928 1661 haeredern,
1961 1601 2159 1666 quem
2185 1601 2271 1646 ne
2301 1583 2466 1647 ami-

254 1700 399 1747 cum
443 1683 713 1768 quidem
743 1702 935 1748 suum
962 1682 1130 1748 satis
1160 1682 1508 1748 honestum
1554 1685 1906 1769 quisquam
1936 1684 2068 1748 sibi
2098 1682 2307 1763 ducit,
2333 1683 2464 1748 nisi

256 1783 519 1863 similis,
550 1804 632 1849 ac
662 1805 784 1868 par
813 1786 907 1849 tui
929 1787 959 1849 ‘t

331 1886 432 1950 At
462 1885 762 1951 Hercule
791 1887 1058 1971 egregia
1099 1887 1280 1952 sacta
1305 1887 1633 1976 majorum
1679 1892 1938 1953 tuorum
1987 1893 2052 1952 tc
2101 1886 2465 1954 extollunt:

253 2013 533 2077 quorum
577 1993 720 2058 sive
762 1997 834 2057 tu
881 2013 953 2057 es
1006 1992 1269 2071 simiIiS,
1321 1993 1465 2057 sive
1509 1993 1609 2057 illi
1653 1994 1775 2071 tui,
1822 1992 1985 2056 nihil
2031 1991 2117 2055 ad
2172 1992 2468 2057 omnium

251 2096 497 2174 scelus,
532 2115 614 2160 ac
661 2095 1024 2180 nequitiam
1071 2095 1227 2159 addi
1272 2099 1512 2179 potem.
1599 2094 1874 2172 Verum,
1922 2099 1997 2159 ut
2037 2093 2300 2178 opinor,
2346 2092 2467 2159 ho-

250 2216 443 2263 nores
474 2199 574 2263 tui
621 2202 688 2262 te
734 2198 990 2264 faciunt
1035 2194 1460 2264 insolentem.'
1509 2277 1518 2287 ,
1566 2197 1700 2276 Tu,
1733 2196 1971 2282 Crispe
2001 2195 2300 2274 Sallusti,
2328 2202 2470 2261 tan-

253 2301 453 2365 tidem
511 2305 710 2386 putas
757 2321 908 2365 esse
954 2302 1061 2366 bis
1115 2307 1536 2381 senatorem,‘
1566 2308 1633 2367 et
1683 2303 1789 2367 bis
1849 2306 2253 2386 quaestorem
2299 2298 2462 2378 fieri,

251 2404 479 2487 quanti
506 2403 619 2467 bis
647 2403 1080 2484 consularem,
1122 2411 1188 2470 et
1225 2405 1332 2470 bis
1377 2395 1889 2490 triumphalem‘t
1960 2401 2224 2468 Carere⁸
2268 2401 2462 2467 debet

250 2509 422 2572 omni
456 2508 647 2585 vitio,
679 2508 799 2592 qui
844 2508 914 2571 in
962 2509 1240 2573 alterum
1284 2518 1556 2593 paratus
1604 2513 1705 2573 est
1753 2508 1992 2572 dicere.
2079 2504 2155 2569 Is
2197 2503 2462 2569 demum

250 2609 636 2689 maledicit}
663 2612 778 2694 qui
803 2630 936 2675 non
961 2617 1186 2696 potest
1214 2632 1442 2677 verum
1487 2613 1574 2677 ab
1622 2612 1828 2677 altero
1873 2609 2126 2673 audire.
2217 2605 2349 2671 Sed
2395 2613 2467 2672 tu

251 2712 543 2775 omnium
571 2731 949 2778 mensarum
987 2714 1269 2792 assecla,
1316 2715 1609 2779 omnium
1652 2712 2106 2777 cubiculorum
2152 2712 2218 2774 in
2266 2715 2464 2775 aetate

250 2814 528 2895 pellex,=
571 2818 642 2878 et
674 2814 850 2879 idem
876 2822 1114 2901 postea
1138 2814 1418 2895 adulter,
1463 2815 1677 2880 omnis
1709 2813 1961 2878 ordinis
1991 2812 2332 2895 turpitudo
2361 2832 2460 2888 οε,

249 2923 313 2979 et
355 2916 582 2980 civilis
632 2916 788 2981 belli
833 2918 1206 2983 memoria.v
1294 2915 1480 2997 Quid
1512 2916 1686 2980 enim
1714 2914 1842 2978 hoc
1872 2915 2138 2996 gravius
2171 2914 2310 2995 pati
2339 2931 2463 2996 po·

250 3017 518 3094 tuimuS,
551 3036 756 3102 quam
800 3018 978 3103 quod
1022 3026 1087 3084 te
1131 3020 1529 3085 incolumem
1558 3020 1626 3082 in
1652 3017 1778 3082 hoc
1810 3016 2034 3081 ordine
2063 3014 2463 3080 videamus't

252 3118 505 3186 Desine
569 3122 785 3186 bonos
844 3121 1376 3206 petulantissima
1445 3118 1818 3187 consectari
1891 3117 2149 3200 lingua:
2234 3115 2464 3181 desine

250 3223 476 3289 morbo
508 3223 942 3308 procacitatis
970 3223 1099 3288 isto
1130 3223 1271 3288 uti:
1341 3222 1568 3287 desine
1616 3237 2139 3304 unumquemque
2166 3218 2464 3282 moribus

1247 3408 1296 3459 N
1303 3406 1461 3459 0⁰1·AE

309 3539 334 3564 ⁰
364 3531 627 3598 Seuereio]
678 3533 784 3583 Alii
807 3533 1003 3586 liabent
1021 3535 1323 3599 Scaeam,
1402 3536 1538 3586 rium
1573 3533 1813 3600 agitavit,
1850 3532 2036 3598 ipsum,
2066 3533 2203 3599 quod
2243 3531 2466 3582 maxi-ire

250 3608 511 3662 clarem
550 3618 721 3672 teste3
776 3627 1066 3677 quanquam
1100 3621 1156 3663 et
1194 3613 1319 3664 illud
1398 3611 1724 3678 perstringit,
1746 3611 1813 3661 de
1835 3611 2112 3676 imperitia,
2133 3618 2190 3661 et
2226 3610 2469 3675 quodam-

246 3683 406 3735 licere
444 3688 629 3737 multi·
681 3688 1003 3751 elegantibus
1056 3699 1319 3742 auctorum
1398 3688 1552 3738 modo
1574 3687 1642 3737 de
1665 3686 1835 3738 officio
1859 3686 2120 3738 admonet.

249 3763 501 3825 exemplis
526 3763 758 3813 ostendit
779 3764 1022 3816 Budaeus.
1463 3766 1480 3796 ²
1512 3764 1563 3814 Is
1580 3765 1762 3814 demum
1784 3761 1980 3827 malem]
2027 3762 2092 3812 Id
2113 3770 2215 3827 est,
2242 3762 2344 3813 eine
2379 3777 2463 3812 σιω

311 3844 338 3878 Ρ
362 3837 569 3902 Bonae]
591 3840 695 3891 Qui
719 3839 1010 3889 Sallustiani
1032 3840 1163 3890 dicti
1182 3849 1320 3892 sunt.
1398 3840 1683 3890 detrimento
1704 3841 1977 3889 maledicere
1995 3843 2170 3903 potent.

311 3921 336 3956 ἱ
370 3913 544 3978 Modo]
579 3914 642 3964 ld
664 3923 869 3978 esum
890 3931 922 3965 a
942 3918 1080 3979 longo
1096 3922 1320 3982 tempore.
1464 3923 1487 3949 ⁸¹
1519 3915 1714 3979 Pelle-t]
1779 3917 1899 3968 Jam
1922 3931 2094 3980 snpra,
2127 3913 2270 3979 quod
2289 3911 2467 3962 mulie-

312 3997 333 4022 ¹
364 3991 459 4041 Βία
479 3993 780 4058 δαείω-αι]
800 3991 994 4042 Amara
1015 4001 1095 4062 est
1119 3994 1321 4057 irrisi03
1399 3992 1515 4043 bria
1538 4007 1715 4056 passus
1738 4000 1895 4054 esset,
1917 3989 2271 4056 exprobravit.

247 4065 492 4118 Sallustio
515 4075 671 4119 acute
691 4068 976 4132 exprobrat
998 4069 1137 4135 quod
1158 4071 1315 4120 Sena·
1464 4079 1485 4102 '
1521 4069 1780 4132 Memoria]
1817 4070 1881 4119 ld
1904 4078 2007 4131 est,
2024 4068 2104 4132 qui
2124 4067 2282 4116 omia
2303 4067 2354 4115 in
2374 4082 2469 4117 me-

248 4152 307 4194 tu
329 4155 502 4195 motus
521 4145 718 4206 fuerin
769 4154 929 4212 etque
966 4148 1176 4211 insuper
1197 4163 1316 4198 eum
1395 4148 1594 4196 marim
1631 4154 1816 4197 revocat
1854 4161 1959 4210 qua
1989 4158 2080 4210 per
2113 4143 2274 4193 civile·
2294 4143 2467 4194 dixer·

248 4222 443 4286 arguit,
457 4223 600 4287 quui
623 4222 744 4272 ideo
765 4223 942 4286 inepte
965 4223 1293 4288 gloriaretur.
1394 4222 1501 4274 diuo
1515 4225 1645 4287 puni
1664 4238 1840 4274 um.

310 4305 331 4330 ⁸
366 4300 567 4366 Gna-e]
629 4298 917 4364 Postquam
933 4299 1059 4351 satio
1079 4299 1318 4351 adven·-
