2984 4892
489 405 616 475 civ
1169 408 1423 473 runs-x
1463 409 2025 471 ossuum-rcus

980 632 1042 684 Μ

523 693 549 724 Β

535 784 540 790 ·
560 760 996 814 Machinabantur
1016 763 1298 829 perniciem
1314 765 1561 815 senatori-

495 825 593 882 bus
617 828 661 878 C
687 832 749 879 18
813 828 1108 879 machinata
1124 827 1284 879 fames
1301 830 1344 880 F
1360 833 1473 892 292,
1494 834 1560 879 24

495 891 751 957 Apuleius
770 898 852 958 67,
873 900 902 942 5
926 910 938 943 :
986 909 1052 943 ex
1077 908 1139 944 ea
1162 895 1377 944 salutem
1414 895 1560 960 operi

492 955 858 1009 machinatam.
902 973 1018 1008 cum
1033 960 1325 1010 machinato
1338 960 1562 1024 strepitu

498 1023 679 1088 Em,
700 1026 733 1072 9
796 1023 1041 1074 indicium
1065 1024 1191 1073 illud
1217 1024 1283 1073 ab
1308 1023 1562 1074 Autronio

494 1088 838 1139 machinatum
863 1090 905 1139 C
927 1092 992 1139 48
1058 1088 1337 1152 aggeribus
1359 1093 1414 1138 et
1450 1089 1563 1138 aliis

490 1151 953 1203 machinationibus
967 1154 1437 1218 locusimportunus
1447 1153 1482 1205 J
1495 1157 1562 1202 92

527 1227 532 1236 ·
563 1215 780 1268 Madore
803 1233 868 1268 ne
892 1218 1211 1269 munimenta
1242 1217 1559 1268 infirmaren-

502 1285 591 1330 tur
611 1281 653 1329 F
674 1285 791 1340 298,
813 1286 876 1331 12

561 1346 734 1408 Magis
752 1344 974 1461 molius?
1009 1347 1052 1395 C
1076 1351 1102 1396 1
1171 1345 1292 1396 vine
1325 1345 1561 1412 eorporis

498 1422 564 1458 au
588 1411 780 1460 virtute
812 1411 948 1460 anim
1003 1425 1088 1460 res
1123 1411 1364 1461 militaris
1397 1412 1562 1477 magis

497 1474 810 1588 &recederet
841 1476 887 1525 C
917 1481 942 1526 1
1012 1490 1073 1526 eo
1089 1477 1254 1553 magis
1278 1476 1436 1541 quod,
1460 1483 1561 1529 dcc.

557 1543 588 1588 4
625 1541 785 1610 magis
797 1541 1061 1606 magisque
1081 1540 1133 1591 iu
1150 1541 1360 1592 diesco
1397 1541 1562 1606 magis

498 1606 1299 1744 ξιῗῗῧέιῗηέῖὶἓςῖἆῑῃξξηᾟΐξᾱ
1321 1607 1560 1736 035¹„ssss

495 1727 551 1782 xa
566 1742 885 1800 compertum
905 1734 1042 1783 foret
1056 1735 1097 1784 C
1112 1739 1173 1785 14
1210 1735 1289 1784 siu
1303 1738 1439 1785 solus
1459 1751 1562 1786 uon

499 1797 669 1862 timet,
686 1815 749 1850 eo
759 1800 922 1865 magis
934 1798 1098 1849 refert
1115 1799 1234 1848 mihi
1251 1808 1406 1865 atque
1417 1801 1563 1850 vobis

501 1862 689 1915 timere
710 1865 754 1914 C
785 1869 849 1916 52
914 1879 1018 1929 quo
1053 1865 1219 1915 minus
1242 1866 1476 1930 petebat,
1498 1881 1561 1916 eo

498 1928 664 1992 magis
706 1927 1023 1995 sequebatur
1064 1930 1107 1979 C
1145 1934 1207 1980 54
1272 1945 1356 1980 me
1395 1932 1563 1995 magis

495 1987 685 2042 merito
722 2009 872 2059 quam
894 1993 1102 2058 ignavia
1114 1994 1372 2058 judicium
1406 1997 1563 2045 animi

496 2057 778 2108 mutavisse
812 2059 845 2111 J
869 2063 900 2107 4
967 2059 1186 2109 illustria
1222 2061 1486 2124 magisque
1508 2061 1571 2110 in·

496 2124 683 2185 aperto
701 2124 803 2172 sint
818 2123 852 2176 J
866 2129 896 2172 5
942 2124 1123 2174 Persae
1142 2125 1278 2174 iutra
1297 2119 1563 2174 Oceanum

496 2187 660 2252 magis
682 2187 715 2239 J
743 2193 803 2238 18
870 2189 1068 2239 Gaetuli
1090 2190 1186 2238 sub
1210 2190 1318 2239 sole
1342 2190 1500 2255 magis
1526 2189 1563 2243 J

499 2255 563 2308 18
629 2266 798 2317 neque
845 2253 1060 2303 territus
1096 2260 1188 2303 aut
1222 2255 1386 2319 magis
1408 2270 1562 2321 quam

497 2321 656 2366 autea
672 2317 894 2367 demisso
914 2319 1083 2367 animo
1097 2318 1197 2367 fuit
1210 2318 1246 2370 J
1263 2322 1329 2369 98
1393 2334 1563 2384 neque

492 2395 600 2443 -ego
624 2395 713 2430 vos
736 2382 902 2430 ultum
931 2382 1147 2447 iujurias
1170 2384 1368 2447 hortor,
1401 2385 1565 2448 magis

500 2445 575 2494 uti
598 2445 829 2510 requiem
854 2447 1077 2510 cupiatis
1114 2448 1156 2497 F
1180 2450 1294 2510 305,
1327 2451 1359 2497 0
1424 2448 1563 2497 haud

495 2509 735 2574 poenitet‚
775 2509 937 2574 magis
973 2511 1242 2562 reticuisse
1281 2512 1481 2576 pigeret
1524 2513 1565 2564 F

514 2639 522 2645 '
565 2609 961 2703 b'lagistratibus
994 2638 1262 2705 capiendis
1300 2641 1344 2690 F
1370 2645 1487 2704 278,
1530 2646 1563 2692 4

499 2715 531 2753 a
569 2703 737 2767 prima
775 2704 1130 2755 adolescentia
1166 2706 1219 2755 in
1258 2721 1348 2756 ore
1384 2715 1563 2758 vestro

415 2805 434 2818 ,
500 2772 755 2834 privatus,
799 2778 855 2821 et
893 2769 945 2819 in
984 2771 1370 2836 magistratibus
1410 2773 1495 2849 egi
1521 2773 1565 2822 F·

495 2837 615 2896 828,
654 2840 686 2885 8
752 2834 818 2884 de
854 2835 1240 2898 magistratibus
1260 2836 1497 2887 creandis
1522 2838 1564 2887 F

496 2903 615 2962 354,
649 2905 712 2951 14
777 2900 1050 2950 abdicatus
1088 2901 1393 2965 magistratu
1431 2903 1473 2951 C
1497 2906 1564 2953 47

495 2965 802 3014 continuare
821 2964 1123 3015 nitebantur
1142 2966 1175 3017 J
1201 2970 1263 3016 87
1327 2964 1417 3016 ubi
1497 2967 1562 3016 ri·

498 3043 638 3098 mum
655 3029 1013 3094 magistratum
1041 3030 1301 3093 ingressus
1335 3038 1418 3081 est
1438 2981 1562 3083 ,1Ρ43

495 3094 772 3158 patricium
790 3093 1030 3143 Tribunis
1068 3095 1110 3146 F
1129 3099 1245 3155 304,
1268 3100 1300 3145 8
1366 3096 1563 3161 populo

497 3171 603 3207 nou
616 3157 881 3208 creditore
897 3169 1073 3221 gerere
1093 3161 1134 3209 F
1147 3164 1261 3223 344,
1276 3163 1335 3209 18
1381 3161 1563 3225 eisque

495 3223 727 3272 minores
763 3224 1097 3287 magistratus
1161 3230 1408 3274 raeessent
1429 3226 1473 3275 C
1498 3230 1562 3275 30

500 3293 701 3351 tenere,
742 3287 840 3351 ipsi
881 3288 1076 3338 innoxii
1158 3296 1368 3339 orentes
1412 3288 1455 3339 C
1498 3295 1569 3356 119ἱ

499 3357 676 3400 verum
698 3366 765 3401 ex
787 3351 866 3402 bis
892 3352 1219 3418 magistratus
1236 3359 1293 3403 et
1324 3353 1389 3402 im
1431 3354 1562 3420 eria,

497 3424 763 3485 postremo
808 3417 971 3465 omnis
992 3431 1117 3466 cura
1140 3431 1310 3467 rernm
1332 3433 1401 3481 pn
1438 3419 1564 3469 lica-

496 3493 610 3529 rum
630 3480 663 3532 J
681 3483 711 3529 3
780 3495 874 3544 per
887 3482 1223 3545 magistratus
1236 3482 1565 3534 administra-

494 3543 587 3595 bat
607 3543 801 3610 oppida
817 3546 1094 3596 Punica-P.
1117 3547 1264 3598 Rom.
1287 3546 1322 3599 J
1343 3552 1408 3598 19
1464 3548 1566 3599 Ro-

494 3625 630 3661 mam
646 3610 712 3659 ad
734 3609 1066 3674 magistratus
1084 3612 1340 3677 rogandos
1358 3611 1564 3678 profici-

493 3675 659 3726 scitur
673 3675 706 3726 J
725 3680 790 3725 29
812 3675 1041 3726 seditiosi
1063 3678 1272 3743 vulgum
1293 3676 1566 3743 exagitare

493 3740 529 3792 J
545 3744 609 3790 73
654 3738 876 3805 iusignia
898 3740 963 3791 ab
978 3742 1156 3793 Tuscis
1174 3744 1420 3808 pleraque
1436 3742 1480 3792 C
1497 3748 1560 3794 51

507 3863 512 3872 ,
559 3806 653 3855 Ma
691 3818 754 3854 ua
777 3805 928 3870 copia
951 3820 1118 3856 rerum
1159 3807 1299 3857 aliud
1332 3806 1420 3857 alii
1455 3807 1564 3858 iter

494 3876 644 3934 osten
686 3875 779 3920 unt
794 3870 837 3921 C
858 3873 888 3919 3
954 3870 1132 3936 quieta
1148 3872 1562 3936 movere'magua

492 3943 693 3986 merces
715 3935 1001 3986 ’videbatur
1039 3936 1083 3987 C
1101 3940 1166 3987 90
1233 3951 1350 3986 cum
1371 3950 1560 4001 magua

494 4009 651 4051 manu
692 4000 735 4049 C
757 4003 821 4048 43
887 4013 1073 4065 magua
1108 3999 1234 4053 mihi
1276 4001 1433 4066 copia
1474 4007 1561 4054 est

495 4064 816 4115 memorandi
838 4066 926 4129 qui
948 4079 1115 4130 reges,
1135 4070 1235 4117 &tu
1274 4067 1317 4117 C
1340 4071 1400 4116 51
1469 4066 1558 4117 ha-

490 4129 617 4180 bere
640 4130 784 4179 illum
806 4144 1040 4195 magnam
1070 4130 1271 4195 copiam
1293 4130 1559 4182 societatis

497 4194 844 4258 amicitiasque
863 4196 1236 4261 conjungendoe
1256 4196 1291 4248 J
1308 4200 1373 4246 83
1437 4211 1556 4247 cum

495 4273 683 4319 magua
742 4259 908 4322 gloria
967 4261 1021 4309 in
1080 4260 1320 4311 exercitu
1383 4257 1558 4312 fuerat

496 4323 537 4369 C
556 4327 622 4370 59
685 4320 737 4371 vi
755 4323 971 4375 tendere
988 4325 1109 4396 opo
1175 4326 1251 4379 vis
1269 4326 1425 4380 anim
1439 4334 1557 4380 §rat

1633 567 1668 620 J
1708 571 1774 618 37
1839 565 2061 617 scientia
2099 562 2299 615 militia
2338 561 2378 618 J
2406 568 2473 615 83
2534 551 2713 630 ttqoe'

1633 633 1843 683 insolita
1883 647 1942 682 re
1979 630 2344 697 perculsiJ¹15
2412 628 2530 680 fons

1632 699 1668 750 J
1685 702 1750 748 98
1799 697 1964 760 gloria
1985 696 2395 761 triumphaverat
2409 695 2447 747 J
2468 699 2563 748 114
2612 709 2703 744 uu·

1634 763 1776 827 peria
1794 762 1885 812 illa
1896 762 2171 813 Consulum
2182 767 2239 810 et
2255 761 2475 810 Petrum
2489 758 2708 812 decreta

1634 828 1677 876 P
1695 831 1811 889 305,
1834 830 1864 876 3
1931 841 2109 877 omues
2142 840 2330 891 magua
2350 824 2709 889 mediocrique

1634 889 2713 1020 3933'23'22220‘1335510300425233

1635 1022 1747 1135 (ερας
1781 1020 1977 1072 ordinis
2001 1022 2044 1071 C
2065 1024 2132 1070 45
2194 1019 2395 1069 divitiae
2416 1020 2457 1071 J
2481 1023 2516 1068 2
2582 1019 2717 1096 iuvi-

1672 1088 1775 1136 iam
1820 1083 2141 1136 conflaverat
2184 1085 2229 1134 C
2269 1089 2338 1134 49
2427 1097 2711 1150 pet-umam

1636 1151 1879 1201 amiserat
1893 1151 1926 1202 J
1945 1154 2008 1200 97
2074 1151 2274 1200 hostem
2296 1149 2481 1210 ferire,
2498 1152 2601 1199 stc.
2618 1164 2709 1198 eas

1636 1213 1864 1276 divitias,
1880 1229 1994 1265 eam
2007 1215 2328 1266 nobilitatem
2345 1228 2589 1279 maguam
2616 1229 2709 1278 pu-

1637 1280 1819 1330 tabant
1841 1280 1886 1330 C
1908 1284 1941 1329 7
2005 1280 2429 1344 opportunitates
2473 1293 2725 1332 currum-s

1635 1359 1764 1409 pere
1789 1345 1833 1395 C
1852 1348 1917 1395 43
1983 1345 2111 1396 estis
2134 1351 2190 1394 et
2223 1344 2464 1408 opulenti
2486 1344 2711 1408 virtute,

1636 1423 1697 1459 ae
1732 1411 1830 1460 Dis
1860 1409 2156 1460 volentibus
2189 1408 2224 1461 J
2250 1415 2311 1465 14
2337 1416 2397 1459 et
2434 1408 2470 1461 J
2494 1413 2562 1458 79
2630 1418 2709 1458 at·

1637 1489 1736 1541 qne
1759 1473 2033 1540 magnifica
2050 1473 2235 1525 civitas
2252 1474 2295 1526 C
2312 1478 2375 1523 51
2445 1474 2630 1523 multis
2652 1481 2713 1525 et

1634 1539 1854 1655 3232}
1886 1539 2711 1667 “²⁰35³.{3}.³2¹’¹¹0·2J⁰⁸2:,2{}‘3.³3

1636 1669 1832 1733 rapinis
1867 1670 1955 1719 nih
2033 1669 2219 1736 reliqui
2255 1667 2461 1719 fecerat
2498 1669 2711 1719 luxuria

1636 1741 1795 1800 atque
1816 1735 1992 1784 lubido
2016 1735 2060 1784 C
2074 1739 2140 1784 28
2204 1734 2259 1783 in
2277 1735 2481 1799 magnis
2503 1734 2710 1797 pericu·

1634 1799 1699 1848 lis
1744 1800 1788 1849 C
1809 1803 1873 1848 35
1940 1813 2102 1864 parva
2140 1812 2293 1848 manu
2339 1813 2459 1848 eum
2504 1799 2708 1860 magnis

1636 1863 1926 1928 legionibus
1957 1864 2180 1915 bostium
2213 1863 2550 1914 contendisse
2574 1865 2619 1914 C
2643 1868 2707 1914 53

1636 1929 1821 1992 opibus
1855 1943 2033 1978 carum
2072 1930 2108 1980 J
2130 1932 2196 1979 70
2218 1935 2274 1978 et
2293 1927 2339 1977 F
2360 1932 2481 1992 341,
2521 1933 2550 1978 1
2620 1929 2714 1978 im·

1638 1994 1784 2057 perio
1806 1994 2015 2071 prediti
2058 1994 2102 2043 C
2123 1998 2185 2043 51
2252 2006 2439 2057 magno
2470 1994 2589 2043 usui
2630 1999 2715 2045 est

1635 2073 1881 2173 3332:
1895 2072 2102 2174 335
2125 2057 2527 2178 505³?AEAE
2568 2059 2712 2173 2253

1636 2189 1880 2238 mortales
1903 2186 2004 2238 suit
2027 2188 2143 2238 vine
2173 2187 2435 2252 corporis,
2467 2191 2572 2237 &1:-
2612 2189 2657 2239 C
2680 2193 2707 2237 1

1638 2266 1782 2302 mare
1816 2252 1852 2304 J
1873 2257 1937 2302 18
2004 2252 2093 2302 ubi
2128 2267 2273 2303 mare
2305 2266 2553 2318 magnum
2595 2267 2709 2303 esse

1639 2321 1695 2366 et
1719 2317 1902 2366 sevire
1937 2317 2106 2367 ventis
2142 2333 2221 2368 ece
2262 2317 2304 2367 it
2343 2318 2377 2368 J
2400 2321 2471 2366 78
2533 2317 2706 2367 Suave

1635 2381 1767 2458 mari
1788 2396 1976 2446 magno
2000 2381 2230 2458 turbanti
2354 2396 2571 2458 aequora
2593 2397 2709 2459 ven-

1636 2444 2435 2561 “3552ffi2m2¹¹‘3122>‡;¹3‘052;l:·
2444 2447 2709 2561 iffi

1636 2523 1790 2637 astu,
1806 2526 2026 2627 Libggiq
2052 2577 2182 2626 licet
2198 2546 2309 2626 hae’c
2330 2589 2432 2625 vox
2452 2527 2704 2626 uonfem·

1635 2653 1733 2754 ἔξω·
1754 2645 1971 2691 denotet
1990 2653 2132 2691 mare
2154 2640 2324 2690 ventis
2346 2640 2625 2706 agitatum,
2646 2649 2707 2693 ut

1635 2705 2427 2822 ostermarus&
2446 2706 2543 2820 ⁸:2⁶
2565 2707 2705 2821 ἓξ

1636 2834 1794 2885 vertit
1862 2835 1993 2885 'vius
2032 2835 2198 2885 Andr.
2235 2834 2375 2901 apud
2410 2806 2627 2884 fiestum
2649 2841 2705 2885 et

1636 2899 1830 2949 Ennius
1853 2899 1993 2965 apud
2015 2899 2127 2951 Cic.
2152 2897 2187 2951 i.
2227 2899 2296 2949 de
2316 2899 2497 2950 Divin.
2530 2905 2589 2949 et
2614 2901 2708 2962 sic,

1633 2964 1770 3034 apud
1788 2963 1933 3029 virg.
1956 2964 2160 3015 AEueid.
2183 2964 2326 3014 volat
2348 2964 2436 3013 ille
2460 2978 2558 3027 per
2578 2964 2705 3015 aera

1635 3028 1968 3100 magnum‚ad
1983 3029 2200 3079 Homeri
2211 3027 2705 3094 ἂίφαβαθεῖοᾳιιω

1636 3094 1875 3156 proxime
1899 3094 2123 3145 aceedit.
2173 3093 2441 3144 beneflciis
2462 3099 2521 3143 et
2541 3093 2707 3146 muni·

1633 3157 1844 3209 ficentia
1857 3173 2073 3223 magnus
2093 3156 2385 3209 habebatur
2404 3159 2451 3210 C
2473 3164 2541 3210 54

1699 3223 2088 3287 magnitudine:
2114 3239 2210 3289 pro
2238 3222 2705 3288 maguitudinepa·

1633 3301 1747 3403 ,Ἠ
1771 3289 2705 3431 2033232255022201331323

1636 3417 1933 3469 abstractus
1977 3425 2061 3468 est
2097 3418 2132 3470 J
2172 3422 2241 3469 29
2304 3431 2544 3484 proxima
2586 3432 2707 3469 essa

1635 3480 1829 3531 Istrum
1852 3484 1895 3532 F
1912 3485 2030 3545 333,
2050 3486 2085 3532 2
2184 3497 2249 3533 uo
2268 3481 2405 3532 bello
2427 3490 2704 3547 posttea&

1632 3547 1920 3597 nitudiuem
1986 3547 2156 3597 nomin
2257 3546 2481 3596 Romani
2528 3547 2702 3598 [talin

1634 3619 1761 3675 opes
1781 3612 2004 3663 maxime
2043 3612 2321 3662 attriverat
2355 3611 2393 3662 J
2413 3618 2443 3660 5
2514 3611 2702 3676 quibus

1634 3677 1850 3742 quisque
1871 3676 2025 3727 rebus
2046 3676 2453 3741 magnitudinem
2474 3676 2705 3728 iuvenis·

1634 3742 2167 3871 seffigoxtktsmfflz
2200 3818 2386 3871 aspera
2420 3805 2643 3869 aggredi
2663 3805 2703 3857 J

1630 3874 1699 3920 89
1762 3871 1984 3921 animum
2008 3872 2058 3921 in
2080 3872 2310 3920 adversis
2340 3871 2385 3920 F
2401 3873 2524 3933 349,
2544 3874 2578 3920 ²
2636 3870 2701 3920 *in

1630 3935 1798 4000 majus
1814 3936 2086 4015 celebrare
2099 3935 2133 3988 J
2151 3939 2213 4012 73
2247 3936 2291 3986 1²·
2305 3938 2421 4000 398,
2434 3939 2464 3985 1.
2534 3934 2702 3988 otim

1631 4000 1685 4052 in
1696 4002 2293 4130 finggigafflpldlxbelli
2316 4063 2361 4114 C
2380 4067 2448 4116 2⁰
2515 4064 2702 4115 ἀπίει·

1628 4143 1818 4193 magna
1834 4137 1988 4206 atque
2004 4128 2334 4193 magnificaC
2348 4132 2411 4178 51
2466 4130 2699 4178 omnium

1625 4195 1847 4246 istarum
1884 4195 2155 4246 civitatum
2193 4209 2320 4259 quas
2341 4206 2481 4243 nunc
2500 4209 2553 4242 m

1627 4258 1753 4309 ficas
1767 4274 1829 4310 ac
1850 4260 2045 4310 nobiles
2065 4257 2234 4309 audis.
2258 4258 2362 4307 Ma.
2400 4257 2583 4335 vides..

1625 4337 1741 4380 nec.
1776 4326 1877 4394 Ep.
1905 4328 1990 4382 91.
2031 4325 2177 4380 clara
2214 4331 2375 4394 atque
2409 4321 2693 4396 uqa-fies
