2984 4892
501 325 552 393 2
750 304 759 313 ⁸
1395 334 1780 387 ems‘rom-

502 484 761 576 plexio,
787 502 1009 570 neque
1045 484 1416 553 fabularum
1461 485 1806 552 involucra
1832 483 1992 550 Tibi
2022 481 2285 549 obicem
2322 489 2706 569 opponunt:

507 592 663 678 quin
712 610 988 676 gemmae
1032 608 1227 655 novae
1270 586 1710 668 efflorescunt,
1742 607 1897 654 cum
1924 585 2032 651 Tu
2061 586 2361 652 sentibus
2388 587 2536 654 istis
2563 607 2710 657 ma-

505 713 663 761 num
692 694 1042 759 admoves:
1099 691 1336 756 decore
1366 695 1481 755 tuo
1529 689 1727 755 Vatis
1772 689 2162 773 elegantiam
2192 689 2483 774 quodam
2511 691 2710 776 quasi

505 797 758 881 fulgore
800 793 1185 862 collustras!
1252 791 1486 876 Itaque
1534 812 1668 858 non
1719 813 1824 857 me
1876 793 2175 857 cohibuit
2229 794 2298 856 in
2347 792 2711 861 enodandis

507 898 1008 966 difficultatibus
1037 896 1453 962 conatus-tui-
1471 896 1766 973 solertia,
1797 915 1932 961 non
1961 896 2098 961 loci
2126 897 2474 965 sanctitas.
2558 894 2711 961 Stu-

505 1002 709 1089 pidus
754 1002 1153 1078 exclamavi,
1203 1020 1360 1064 num
1405 997 1513 1064 Tu
1565 997 2005 1083 quadraginta
2045 998 2194 1063 illos
2222 1018 2480 1076 versuS,
2529 1001 2710 1077 (nam

506 1110 610 1174 tot
662 1125 768 1169 me
826 1110 1155 1189 praesente
1201 1099 1628 1187 explicuisti)
1676 1108 1837 1167 tunc
1883 1103 2098 1186 primo
2154 1101 2418 1184 legeres.
2508 1099 2713 1180 Quod

508 1209 777 1295 quidem
806 1226 937 1271 non
975 1207 1162 1290 prius
1188 1207 1347 1271 mihi
1382 1207 1507 1272 fuit
1539 1205 2024 1282 confirmatum,
2054 1223 2256 1289 quam
2284 1205 2711 1269 temeritatem

497 1330 747 1391 meam,
786 1309 930 1394 jam
960 1310 1125 1374 satis
1175 1329 1242 1374 re
1287 1310 1440 1394 ipsa
1468 1310 1871 1387 damnatam,
1901 1309 2083 1393 apud
2125 1306 2227 1371 Te
2272 1306 2487 1371 verbis
2525 1307 2711 1392 coepi

509 1432 849 1481 accusare.
942 1411 1121 1477 Meae
1169 1412 1367 1493 igitur
1414 1410 1756 1477 tenuitatis
1804 1410 2113 1475 conscius
2154 1410 2223 1473 in
2267 1427 2350 1472 eo
2380 1411 2714 1476 constitis-

511 1535 678 1592 sem,
708 1515 839 1579 nisi
870 1533 996 1591 me,
1024 1517 1091 1577 et
1116 1512 1493 1595 benignitas
1536 1517 1674 1590 tua,
1702 1516 1771 1577 et
1799 1511 2234 1577 Illustrissimi
2265 1512 2713 1579 Moderatoris

505 1618 612 1683 ‘tui
654 1616 1033 1682 humanitas
1074 1619 1548 1680 sustentasset:
1613 1633 1745 1678 non
1794 1614 1965 1678 enim
2004 1614 2174 1698 jam,
2222 1621 2296 1680 ut
2328 1615 2440 1679 ille
2469 1634 2714 1700 oppor-

510 1724 669 1786 tune
719 1717 1124 1795 submonuit,
1168 1715 1327 1780 Tibi
1357 1715 1747 1791 exhibentur
1791 1714 2399 1787 animadversiones
2445 1725 2712 1796 nostrae,

511 1841 630 1889 eas
655 1828 729 1887 ut
754 1823 960 1902 legas,
1008 1819 1126 1884 sed
1163 1823 1238 1884 ut
1286 1819 1634 1903 corrigas.·
1697 1817 2023 1882 Nimirum
2066 1818 2314 1883 laboris
2352 1820 2449 1884 tui
2496 1820 2715 1885 minu-

510 1923 664 1989 endi
693 1944 921 2004 causa,
939 1922 1356 1989 adornandae
1383 1927 1731 1988 curaverat
1758 1921 2289 2005 sapientissimus
2319 1922 2484 1986 Dux
2514 1922 2715 1989 Mon-

508 2028 880 2107 tauserius3
949 2026 1070 2091 sed
1114 2024 1480 2090 incredibili
1521 2030 1638 2089 tua
1681 2025 2020 2089 alacritate
2051 2044 2289 2109 aspera
2314 2026 2542 2091 omnia.
2566 2046 2715 2111 per-

509 2129 788 2209 vasisti:
835 2127 1131 2192 omnium
1160 2127 1694 2210 expectationem
1717 2126 2133 2192 antevenisti.
2223 2125 2481 2212 Itaque,
2517 2129 2717 2196 Dm.-

514 2246 752 2296 rmna
820 2230 1358 2308 Sannmssms,
1433 2228 1641 2295 offero
1711 2226 1868 2295 Tibi
1925 2230 2338 2308 Sallustium,
2397 2229 2717 2299 Autorem

513 2332 812 2417 profecto
853 2332 1197 2409 eximium,
1248 2350 1386 2414 qua
1436 2331 1625 2414 potui
1676 2331 2005 2415 equidem,
2052 2331 2351 2396 maxima
2389 2353 2540 2397 cum
2570 2335 2720 2401 dili-

512 2433 739 2517 gentia
791 2434 1230 2514 elucidatum;
1322 2433 1442 2499 sed
1521 2453 1624 2498 eoJ
1660 2438 1910 2498 tautum
1968 2432 2118 2512 fine,
2167 2442 2244 2500 ut
2296 2439 2738 2503 reverentiam·

511 2555 755 2613 meam,
783 2541 849 2601 et
878 2534 1240 2601 advorsum
1261 2534 1364 2600 Te
1393 2535 1641 2600 cultum
1670 2540 1983 2601 testatum
2011 2535 2275 2603 faciam.
2350 2537 2743 2604 Consilium·

511 2637 643 2703 fuit
674 2636 901 2720 Regis
949 2641 1026 2701 ut
1091 2636 1381 2704 Gallicae
1417 2637 1752 2722 juventuti
1801 2656 1934 2702 non
1987 2639 2166 2703 omni
2219 2639 2419 2705 modo
2475 2642 2742 2707 virtute*

515 2738 914 2825 preeluee'res
945 2760 965 2821 3
1009 2740 1127 2804 sed
1144 2746 1212 2804 et
1237 2739 1336 2803 illi
1364 2737 1618 2804 Patriae
1642 2737 1844 2803 Pater
1865 2739 2097 2818 voluit,
2127 2745 2200 2806 ut
2227 2741 2459 2806 eadem
2487 2754 2744 2829 propes

516 2842 769 2927 quibus
804 2861 970 2906 usus
1013 2842 1240 2920 fueris,
1285 2840 1634 2925 sapientiae
1678 2841 2113 2907 instrumenta
2155 2844 2435 2927 benigne
2461 2846 2742 2929 praebe·-

516 2962 643 3010 res.
731 2942 931 3008 Prius
980 2944 1147 3008 illud
1175 2944 1324 3032 J'am
1371 2944 1487 3009 diu
1538 2945 1635 3008 ita
1678 2945 2061 3028 implevisti,
2106 2949 2201 3024 ut,
2244 2947 2378 3010 nisi
2418 2946 2519 3010 Te
2548 2967 2744 3014 cres--

520 3050 773 3111 centem
812 3046 1213 3125 videremus,
1264 3047 1622 3130 nequidem
1666 3047 1926 3132 majora
1970 3052 2516 3130 expectaremus:
2564 3050 2742 3134 quin²

519 3148 618 3212 ita
664 3165 737 3212 es
781 3148 1143 3231 ingressus,
1185 3152 1262 3211 ut
1298 3149 1520 3230 magni
1551 3147 1747 3213 Illius
1777 3148 1874 3212 tui
1924 3145 2232 3213 Parentis
2262 3155 2425 3213 vota
2452 3170 2746 3234 aequare·

529 3248 835 3314 videaris,
920 3246 1223 3314 Alterum
1261 3254 1567 3333 superest
1612 3249 1731 3313 ubi
1755 3246 1946 3312 nutui
1972 3268 2053 3312 ac
2085 3249 2357 3315 arbitrio
2387 3254 2502 3315 tuo
2531 3253 2745 3318 obse·-

524 3350 953 3433 quentissime
999 3352 1377 3428 servientes,
1407 3350 1824 3435 propositum
1849 3354 2039 3414 tuum
2067 3350 2295 3435 aliqua
2319 3353 2575 3417 ratione
2605 3355 2744 3420 ad-·

508 3452 750 3537 'juvare
780 3451 1160 3517 audeamus.
1246 3451 1352 3517 Eo
1379 3471 1540 3518 vero
1567 3472 1718 3518 mea
1749 3458 1926 3518 vota*
1952 3456 2292 3537 spectant:
2338 3458 2428 3534 et,
2464 3457 2525 3520 si
2566 3475 2729 3523 ocu-

520 3554 607 3621 lis
654 3554 788 3618 tuis
830 3553 1039 3618 hocce
1086 3554 1487 3638 opusculum
1534 3555 1868 3620 illustrare
1911 3574 2046 3619 non
2082 3546 2473 3639 dedignatus
2497 3557 2728 3641 fueris,

523 3662 666 3721 tum
711 3655 975 3722 demum
1022 3675 1129 3721 me
1174 3657 1371 3721 facile
1414 3657 1709 3734 beatum,
1757 3663 1826 3721 et
1852 3657 2059 3739 gloria
2086 3659 2492 3723 cumulatum
2520 3662 2731 3727 credi-

523 3757 703 3824 dero.
792 3756 953 3823 Non
1001 3759 1302 3842 equidem
1347 3778 1471 3843 per
1516 3760 1740 3823 omnia
1791 3759 2156 3843 penetravit
2181 3757 2463 3845 Crispus
2492 3762 2735 3831 Politi-

458 3904 471 3913 -
524 3876 640 3926 ces
681 3860 1014 3945 mysteria,
1060 3861 1323 3943 quibus.
1358 3859 1516 3926 Rex
1559 3860 1759 3926 hodie
1797 3863 2144 3926 attonitum
2180 3863 2409 3927 orbem
2458 3867 2696 3932 retinet
2712 3888 2753 3934 :-

524 3964 597 4026 at
620 3981 835 4047 neque
863 3982 1087 4028 omnes
1116 3961 1387 4046 Aquilae
1428 3964 1674 4029 habent
1717 3965 1973 4044 oculos,
2003 3964 2120 4051 qui
2155 3965 2346 4030 illum
2375 3968 2733 4052 aspiciant.

524 4061 657 4142 Tu,
687 4065 808 4148 qui
851 4082 1165 4147 magnum
1192 4085 1268 4130 es
1296 4065 1442 4150 ejus
1484 4057 1977 4146 incrementum,
2025 4067 2214 4132 illum
2245 4069 2630 4149 intueberis,
2653 4071 2746 4136 il..

525 4163 666 4233 lum
696 4164 950 4247 audies,
974 4166 1167 4233 illius.
1194 4165 1480 4265 denique
1517 4166 1700 4235 sacta
1742 4168 2183 4254 scrutaberis:
2223 4172 2418 4258 cujus
2445 4171 2554 4241 vel
2579 4171 2733 4246 sola
