2984 4892
1113 415 1205 463 BT
1251 410 1624 464 emmens·

459 556 685 609 affinitas
736 562 830 609 aut
869 557 973 608 alia
1027 556 1361 609 necessitudo

291 626 454 678 traxit
484 624 528 674 Ρ
548 628 664 681 341,
697 627 729 674 3
795 624 1173 687 cognationem,
1202 622 1361 673 affini·

292 699 476 753 tatem,
524 696 784 754 praeterea
815 686 985 740 foedus
1018 688 1360 739 intervenisse

287 757 325 809 J
351 760 441 806 111
513 756 563 805 in
601 756 769 804 locum
805 753 1033 805 affinium
1055 754 1300 805 ducerem
1321 755 1357 806 J

356 884 628 936 Afflictare
649 900 785 947 sese,
801 900 985 935 manus
1006 886 1268 949 supplices
1291 884 1357 934 ad

288 953 476 1002 coelnm
500 952 721 1002 tendere
759 951 801 1000 C
825 955 886 1000 31
957 966 1039 1000 res
1070 947 1289 1000 afflictas
1319 952 1355 1003 J

286 1022 354 1068 76
420 1017 538 1082 eqni
578 1026 629 1065 at
672 1031 734 1065 ue
758 1016 853 1066 viri
883 1015 919 1068 J
946 1020 1035 1066 101
1106 1023 1195 1066 aut
1232 1016 1353 1081 quid

286 1083 394 1134 tale
413 1082 577 1147 capiti
686 1081 898 1141 igebant
917 1082 958 1130 F
975 1084 1093 1142 295,
1111 1086 1141 1131 7
1184 1081 1352 1131 luctus

286 1145 531 1211 affligunt
568 1147 849 1197 hominem.
889 1147 990 1197 alio
1026 1161 1176 1196 sensu
1216 1147 1351 1196 Mar·

285 1214 397 1264 tial.
421 1213 490 1277 vi,
509 1216 574 1263 33
596 1230 610 1262 :
658 1213 745 1263 nbi
771 1213 874 1262 Ms.
898 1212 1010 1277 jam
1034 1212 1204 1273 miser,
1239 1226 1350 1277 pro,

283 1286 394 1328 tam

350 1341 642 1393 Affluerent
658 1342 819 1393 otium
838 1350 996 1408 atque
1013 1340 1210 1392 divitiae
1225 1343 1269 1393 C
1286 1345 1351 1392 36

350 1407 518 1458 Affnit
538 1423 728 1472 pugnae
748 1410 782 1460 J
806 1412 870 1458 74

351 1472 516 1539 Agam
559 1476 669 1522 lioec
708 1474 821 1537 ipsa
862 1471 1127 1523 vobiscum
1168 1487 1267 1521 una
1306 1473 1350 1523 C

279 1544 350 1591 20
415 1540 493 1588 uti
515 1537 658 1589 facto
685 1553 816 1602 opus
853 1538 921 1588 sit
940 1539 1017 1587 ita
1039 1545 1195 1600 agant
1220 1540 1262 1588 C
1285 1541 1347 1587 45

282 1604 371 1654 ubi
410 1604 813 1654 adolescentiam
861 1602 1110 1659 habuere,
1156 1601 1227 1651 ibi
1272 1619 1349 1651 se-

278 1677 545 1720 nectutem
577 1677 736 1733 agant
767 1668 802 1721 J
825 1673 889 1718 85
957 1668 1085 1717 Cum
1121 1674 1231 1716 tut«-
1258 1682 1350 1727 per

276 1734 548 1785 mollitiem
595 1750 718 1798 agas
761 1733 1046 1783 exercitum
1091 1732 1350 1797 supplicio

276 1814 468 1861 cogere
491 1799 524 1851 J
548 1804 612 1848 85
681 1801 759 1850 uti
781 1797 917 1848 fama
936 1809 987 1848 et
1026 1797 1244 1847 fortunis
1274 1796 1347 1847 in·

276 1873 431 1928 teger
454 1880 592 1925 agas.
640 1863 893 1915 Absolute
917 1878 1013 1928 pro
1033 1864 1227 1925 vivere,
1245 1862 1345 1912 Ta-

276 1929 376 1981 cit.
397 1928 551 1982 Anat.
573 1930 643 1980 iii.
712 1931 835 1981 Non
869 1928 1018 1978 modo
1060 1928 1197 1992 apud
1233 1928 1347 1978 illos

273 1994 511 2045 homines
530 1996 620 2060 qni
646 2004 753 2045 tum
778 1994 1002 2059 agebant
1031 1997 1132 2043 &a
1162 2007 1258 2042 nec
1281 1994 1344 2042 ad

269 2060 524 2112 Senatum
562 2060 776 2119 referat,
820 2074 953 2110 neve
997 2074 1114 2108 rum
1155 2058 1344 2122 populo

274 2133 405 2190 agat
444 2126 487 2176 C
519 2132 581 2175 51
651 2127 833 2176 eodem
872 2139 1025 2175 sensu
1061 2138 1177 2174 cum
1214 2139 1343 2188 pra·-

274 2205 392 2255 pos.
435 2191 519 2245 ad.
562 2198 620 2241 et
673 2205 832 2256 agere
864 2190 1039 2239 omnia
1091 2190 1154 2236 ad
1213 2204 1342 2248 pra»-

271 2255 553 2320 scriptnm‚
593 2259 788 2306 Caesar.
820 2255 893 2305 iii.
916 2255 979 2305 B.
1016 2254 1166 2303 Civil.
1193 2254 1341 2304 Cice-

269 2320 411 2371 ronis
430 2321 585 2370 etiam
605 2322 762 2371 illud:
799 2321 928 2370 Cum
949 2320 1177 2382 Egnatio
1199 2318 1265 2368 de
1283 2334 1340 2369 re

267 2394 362 2437 tua
381 2387 713 2437 vehementer
728 2386 831 2451 egi,
848 2392 903 2435 et
919 2399 1089 2450 neque
1106 2385 1149 2433 si
1169 2392 1339 2435 tecum

266 2466 421 2515 agas,
456 2466 627 2516 neque
651 2452 833 2502 sicum
857 2451 1025 2500 altero
1046 2450 1338 2500 contrahas.

264 2517 613 2566 Transverso·
641 2518 675 2569 J
718 2521 776 2567 14
842 2523 1141 2581 quantoque
1180 2516 1340 2565 tutius

266 2579 433 2632 factio
450 2582 717 2632 noxiorum
740 2589 863 2646 agat
884 2582 922 2629 Ρ
937 2585 1053 2641 300,
1076 2585 1135 2630 13
1204 2595 1338 2630 nunc

268 2661 401 2698 vero
423 2662 525 2697 non
550 2648 602 2695 id
637 2646 825 2712 agitur,
864 2646 1011 2696 bonis
1050 2661 1114 2694 an
1140 2650 1239 2695 &tu
1267 2645 1338 2694 vi-

268 2726 452 2762 vamus
499 2712 542 2762 C
586 2717 651 2763 52
750 2711 1093 2761 omittendum
1141 2725 1337 2760 morem

262 2778 407 2827 bunc
433 2792 584 2842 quem
603 2778 759 2842 agitis
794 2779 836 2828 Ρ
853 2781 970 2837 304,
987 2782 1018 2826 5
1082 2775 1209 2825 nihil
1236 2790 1339 2824 am·

262 2842 408 2908 plius
458 2844 510 2892 in
567 2843 837 2895 absentem
885 2856 967 2890 me
1022 2841 1336 2891 statuisse-tis

262 2922 424 2972 quam
448 2907 617 2958 adhuc
640 2908 793 2972 agitis
816 2908 856 2957 F
887 2912 1002 2969 297,
1042 2910 1101 2957 11
1171 2914 1337 2983 trans·

262 2972 998 3099 z3m“⁰⁸÷;¹;⁶1÷¹.32‡313‚‚³„3t
1035 2986 1339 3109 ἑῗέἒὲξᾎέἷῖ

264 3103 635 3154 dominationis
654 3105 763 3168 agit
778 3104 1039 3168 ingenium
1056 3104 1089 3155 J
1113 3107 1139 3151 1
1198 3111 1335 3164 agite

262 3169 348 3219 uti
372 3169 513 3219 lubet
534 3170 574 3218 F
591 3174 706 3231 285,
726 3174 759 3220 6
779 3184 847 3219 ex
863 3169 1063 3233 pacatis
1080 3166 1281 3231 predas
1301 3168 1334 3218 J

256 3237 330 3284 32
340 3249 444 3299 quo
462 3233 682 3283 formido
704 3235 861 3285 latius
876 3232 1338 3284 cresceretdivcrsi

260 3301 488 3364 agebant
514 3301 547 3352 J
573 3306 633 3350 55
661 3308 872 3350 aetatem
891 3300 926 3351 J
949 3303 1014 3348 78
1036 3300 1202 3348 vineae
1221 3312 1335 3351 cnm

258 3365 463 3430 ingenti
497 3366 734 3429 periculo
763 3364 960 3417 frustra
992 3364 1281 3429 agebantur
1299 3363 1333 3415 J

261 3434 332 3481 92
400 3431 487 3495 qni
513 3433 693 3495 procul
733 3446 765 3481 a
786 3431 917 3480 mari
948 3430 1195 3479 incultius
1217 3442 1334 3493 age-

260 3495 443 3548 bantJ
467 3502 535 3547 89
597 3495 739 3560 apud
773 3496 1017 3559 primosJ
1053 3499 1142 3544 101
1215 3509 1331 3543 cum

262 3562 481 3611 Boccho
501 3565 723 3611 muitum
745 3572 801 3611 et
822 3558 1144 3612 familiariter
1178 3560 1212 3610 J
1238 3564 1331 3609 108

258 3641 425 3691 pecus
466 3626 749 3679 auxiliariis
785 3626 1042 3692 agendum
1080 3626 1115 3680 J
1149 3628 1215 3674 90
1280 3627 1330 3673 in

263 3706 359 3743 ore
405 3693 653 3753 gentibus
698 3707 879 3756 agens,
919 3692 1109 3755 populo
1139 3690 1180 3738 Ρ
1213 3693 1330 3751 328,

266 3762 331 3811 19
396 3758 619 3809 Metello
652 3757 835 3821 procul
858 3766 1050 3820 agente
1072 3757 1114 3805 Ρ
1154 3757 1274 3817 329,
1297 3758 1329 3804 4

256 3822 523 3888 hostisque
570 3824 623 3872 in
669 3823 963 3873 cervicibus
1006 3822 1117 3885 jam
1163 3819 1330 3869 ltaliae

255 3888 462 3953 agentis
486 3890 529 3938 Ρ
549 3893 666 3951 298,
685 3892 715 3939 3

324 3951 471 4017 Ager
491 3953 697 4018 frugum
712 3951 949 4005 fertilisJ
972 3955 1032 4001 17
1097 3948 1331 4000 hostibus

259 4019 501 4082 cognitus
557 4018 650 4080 (de
710 4020 1036 4083 Imperatore
1089 4015 1179 4082 qui
1225 4016 1327 4064 loci

256 4096 450 4158 gnarus
501 4085 609 4145 est)
651 4084 874 4134 arbustis
916 4084 1147 4134 consitus
1183 4081 1217 4133 J
1263 4085 1327 4131 53

254 4148 368 4209 igni
390 4149 553 4212 magis
612 4164 729 4199 nnn
763 4150 945 4214 pra-‚da
976 4148 1271 4199 vastabatur
1291 4146 1325 4198 J

257 4217 325 4261 55
390 4227 458 4264 ne
494 4214 579 4263 inu
606 4214 674 4264 tis
710 4214 940 4266 hostibus
976 4220 1268 4264 vastaretur
1289 4210 1325 4263 J

257 4280 328 4330 w
371 4291 621 4331 arenosus
639 4294 741 4330 nna
758 4281 935 4345 speeie
955 4279 991 4332 J
1013 4283 1080 4329 79
1120 4276 1327 4342 frugum

255 4354 453 4395 ηοω
471 4344 510 4399 J
534 4349 601 4397 90
665 4345 945 4414 pabulique
966 4347 1118 4399 laetus
1144 4345 1187 4396 Ρ
1207 4347 1329 4408 ²⁹2,

2327 402 2504 469 xxiii

1437 561 1506 608 16
1567 571 1650 608 res
1672 571 1849 609 eorum
1872 558 2100 611 moribus
2119 561 2255 625 agris
2277 570 2431 616 ancta
2454 566 2499 616 C

1434 627 1468 672 6
1534 624 1751 688 expulsa
1768 625 1904 687 agris
1921 626 2100 689 plebes
2123 627 2162 675 F
2177 632 2296 687 279,
2320 633 2347 679 1
2369 637 2425 682 et
2455 634 2500 683 1²·

1435 692 1554 749 331,
1584 693 1650 740 26
1700 691 1741 739 Ρ
1765 693 1879 749 352,
1906 696 1929 740 1
1999 691 2049 739 in
2087 706 2213 755 agro
2247 694 2497 747 Arretino

1435 754 1479 803 C
1503 759 1567 805 36
1634 754 1787 804 urbes
1821 763 1875 805 et
1913 771 2063 820 agros
2089 772 2240 807 mann
2282 769 2499 824 ceperat

1432 820 1466 870 J
1518 825 1547 868 5
1615 827 1671 869 et
1724 820 1865 871 alibi.
1944 837 2091 881 agros
2151 834 2414 876 tentantes
2460 828 2496 879 J

1435 888 1498 934 18
1566 895 1785 949 repente
1819 886 2049 937 incantos
2073 904 2222 952 agros
2247 892 2435 943 invasit
2456 894 2496 942 F

1500 985 1708 1077 A’gere:
1777 1016 1864 1093 qui
1929 1016 2137 1067 demissi
2173 1020 2222 1067 in
2278 1007 2497 1072 οὔκω-ὀ

1431 1079 1588 1129 vitam
1611 1080 1653 1130 C
1672 1087 1733 1131 51
1793 1089 1866 1131 tta
1888 1090 2097 1133 etatem
2117 1085 2263 1148 quasi
2281 1086 2498 1137 bonores

1428 1154 1628 1195 vestros
1667 1154 1999 1198 contemnant
2031 1150 2062 1200 J
2088 1155 2150 1198 85
2219 1158 2274 1199 et
2300 1152 2352 1202 in
2383 1159 2497 1217 opt.

1426 1211 1626 1260 artibus
1664 1211 1697 1263 J
1743 1218 1803 1261 85
1872 1213 1939 1262 ab
1990 1214 2212 1264 inimicis
2243 1231 2497 1281 praeceps

1428 1290 1558 1339 agor
1580 1277 1622 1326 C
1646 1281 1705 1325 31
1778 1277 1828 1325 in
1852 1293 1940 1328 ore
1975 1287 2145 1331 vestro
2184 1280 2417 1344 privatus
2449 1283 2493 1335 F

1427 1345 1542 1405 323,
1577 1348 1612 1391 9
1675 1343 1909 1405 hyemem
1953 1359 2056 1394 nou
2102 1359 2168 1394 ex
2210 1346 2493 1398 ambitione

1426 1422 1544 1456 mea
1595 1408 1637 1457 F
1674 1412 1787 1469 298,
1826 1413 1857 1457 8
1946 1411 2203 1474 praeclara
2264 1411 2492 1462 facinora

1426 1472 1468 1520 Ρ
1490 1475 1605 1534 359,
1625 1477 1687 1522 25
1756 1473 1966 1536 optimis
1999 1475 2226 1524 moribus
2252 1476 2317 1526 P.
2341 1477 2490 1527 Rom.

1428 1537 1469 1586 F
1489 1542 1606 1596 272,
1633 1541 1690 1588 11
1760 1546 1970 1588 aetateni
1997 1556 2135 1603 ηερε»
2158 1542 2200 1590 C
2231 1546 2261 1591 4
2329 1542 2491 1593 veluti

1425 1616 1522 1665 per
1545 1601 1854 1653 dementiam
1884 1616 2075 1653 cuncta
2097 1606 2248 1654 simul
2265 1620 2424 1670 agere
2445 1609 2490 1657 C

1423 1670 1488 1717 42
1556 1669 1804 1732 pleraque
1829 1678 2064 1732 tempora
2100 1671 2149 1718 in
2184 1672 2420 1721 venando
2451 1673 2488 1724 J

1419 1735 1457 1781 6
1522 1747 1603 1782 res
1639 1748 1849 1796 asperas
1885 1749 1977 1797 per
2021 1736 2331 1798 Jugurtbam
2369 1737 2402 1788 J
2454 1742 2484 1786 7

1426 1796 1629 1860 praedas
1666 1799 1699 1850 J
1734 1803 1799 1848 20
1865 1814 1981 1848 cum
2024 1800 2098 1848 eis
2142 1800 2209 1849 de
2252 1801 2488 1855 omnibus

1424 1863 1749 1926 pactionibus
1787 1878 2015 1927 praesens
2045 1865 2081 1916 J
2106 1869 2172 1915 29
2236 1866 2414 1917 vineas
2449 1868 2484 1920 J

1423 1931 1486 1977 37
1556 1928 1753 1978 Civitas
1772 1929 1942 1981 loetaJ
1968 1935 2029 1978 55
2096 1945 2272 1993 agere,
2289 1945 2487 1996 oppug-

1422 2007 1549 2042 nare
1586 1998 1686 2042 διο.
1726 1994 1761 2046 J
1804 1997 1870 2043 60
1938 1995 2101 2043 lenius
2143 1997 2178 2047 J
2224 2001 2289 2045 60
2353 1997 2486 2048 Joca

1419 2066 1623 2173 32:¹5oe
1638 2073 1796 2189 ⁸3:1³1,
1828 2060 2487 2189 ssgzlfnhgffgngmro'vffi

1421 2190 1622 2238 toribus
1661 2203 1818 2254 agere
1852 2190 1887 2241 J
1911 2194 1976 2239 98
2040 2191 2134 2239 soli
2168 2192 2221 2240 in
2285 2193 2485 2255 inperio

1417 2253 1459 2301 Ρ
1483 2257 1598 2313 273,
1623 2260 1652 2303 5
1709 2269 1890 2318 pacem
1917 2257 1956 2304 Ρ
1978 2259 2137 2316 312,5
2195 2254 2486 2320 Antipodas

1408 2318 1583 2381 justos
1625 2326 1680 2368 et
1719 2320 1956 2384 egregios
1993 2335 2151 2385 agere
2193 2322 2236 2371 F
2269 2326 2386 2382 332,
2419 2325 2484 2371 30

1416 2398 1535 2446 qua*
1595 2382 1835 2447 profecto
1889 2385 2148 2436 incassum
2204 2394 2483 2452 agerentur

1415 2448 1458 2498 F
1480 2452 1597 2509 303,
1618 2453 1650 2499 4
1717 2464 2042 2515 quocumque
2065 2451 2217 2501 modo
2251 2467 2374 2515 ages
2418 2466 2481 2502 ea

1415 2528 1498 2628 ἷξε
1534 2514 1630 2564 tibi
1664 2516 1841 2581 reique
1885 2530 1937 2580 p.
1975 2528 2232 2581 prospere
2271 2517 2483 2569 eveniat

1473 2583 1668 2642 semis

1480 2644 1738 2709 Agger-em
1768 2647 1947 2708 jacere
1969 2646 2004 2697 J
2028 2649 2092 2695 37
2117 2653 2172 2694 et
2199 2651 2265 2697 76
2329 2661 2483 2711 agge·

1414 2708 1556 2759 ribus
1590 2711 1729 2760 locus
1752 2712 2076 2775 importunus
2097 2711 2128 2761 J
2154 2715 2219 2760 92

1478 2772 1872 2837 Aggrederetur
1889 2790 2006 2824 eum
2025 2775 2073 2824 vi
2088 2776 2132 2824 C
2149 2779 2214 2824 43
2279 2790 2478 2826 murum

1413 2839 1566 2889 scalis
1631 2840 1843 2904 aggredi
1882 2840 1917 2891 J
1959 2844 2021 2890 57
2120 2854 2299 2890 omnes
2343 2856 2478 2891 mot·-

1414 2905 1550 2953 tales
1592 2905 1813 2968 pecunia
1848 2906 1881 2957 J
1907 2909 1972 2954 28
2037 2905 2212 2954 multis
2229 2905 2479 2969 pollicita·

1416 2969 1642 3019 tionibus
1689 2970 1724 3021 J
1758 2975 1819 3019 61
1891 2971 2116 3035 reliquos
2172 2970 2370 3027 eadem.
2396 2970 2483 3021 via

1412 3036 1829 3174 aggssssaueailmlig
1840 3114 2018 3163 pacem
2032 3100 2066 3151 J
2089 3103 2149 3149 14
2204 3099 2478 3163 imperium

1414 3164 1680 3214 beneficiis
1726 3167 1769 3215 C
1812 3170 1846 3215 9
1950 3166 2150 3228 agitare·
2201 3165 2479 3229 religiones

1412 3227 1612 3280 Arnob.
1638 3246 1690 3293 p.
1713 3236 1796 3281 95.
1820 3235 1869 3281 8.
1935 3230 2082 3294 pravi
2117 3230 2356 3282 doctrina
2372 3232 2480 3295 agi-

1412 3295 1572 3344 tatius
1586 3297 1800 3347 Ter-tull.
1834 3300 1915 3346 63.
1983 3297 2196 3360 propius
2236 3294 2476 3347 Africum

1410 3375 1553 3410 mare
1590 3362 1626 3413 J
1665 3366 1726 3411 18
1792 3361 2089 3425 presidium
2127 3363 2160 3414 J
2195 3367 2258 3413 54
2324 3362 2479 3425 longe

1410 3426 1567 3475 aliter
1601 3426 1773 3479 animo
1798 3426 2033 3490 agitabat
2068 3428 2101 3479 J
2140 3433 2192 3477 ll
2266 3427 2482 3478 Cartba-

1408 3492 1542 3551 ginis
1570 3492 1682 3557 jam
1722 3492 1923 3543 excidia
1980 3493 2215 3557 agitabat
2250 3492 2475 3546 anian

1406 3561 1471 3606 63
1527 3557 1580 3606 in
1606 3559 1951 3621 potestatibus
1965 3574 2029 3608 eo
2051 3559 2204 3609 modo
2223 3558 2478 3621 agitabat,

1407 3629 1466 3671 nt
1505 3623 1539 3673 J
1561 3627 1626 3673 63
1695 3623 1857 3674 libere
1888 3625 1931 3674 Ρ
1967 3628 2082 3686 351,
2118 3627 2182 3673 24
2250 3623 2484 3675 domina·

1408 3687 1603 3737 tionem
1625 3687 1851 3739 oblatam
1873 3688 2172 3739 insolentius
2201 3690 2236 3736 Ρ
2269 3692 2386 3747 350,
2411 3691 2473 3739 13

1407 3751 1635 3803 ferocius
1669 3768 1824 3818 quam
1864 3755 2045 3804 solitus
2085 3761 2197 3802 erat
2223 3756 2265 3802 C
2288 3757 2352 3803 23
2419 3754 2475 3813 in

1409 3816 1523 3867 dies
1545 3818 1753 3880 plnraC
1774 3824 1840 3869 24
1905 3819 2035 3869 alios
2053 3819 2295 3867 incultius
2315 3832 2473 3883 vagu

1405 3883 1664 3947 agitareJ
1689 3888 1748 3934 10
1814 3885 1944 3937 Quae
1981 3891 2250 3949 postquam
2273 3884 2475 3947 agium

1406 3949 1572 4012 coepit
1596 3962 1692 4013 pro
1727 3948 1908 3999 castris
1937 3949 1971 4001 J
1995 3954 2061 3999 59
2125 3950 2224 3998 bu(-
2263 3956 2320 3998 et
2345 3949 2472 4005 illan

1405 4013 1557 4078 quasi
1599 4014 1888 4075 vitabundi,
1942 4023 2032 4063 ant
2066 4014 2326 4079 jamenta
2368 4014 2475 4069 tela

1405 4087 1600 4129 cuneta
1621 4079 1654 4130 J
1677 4083 1745 4129 60
1790 4079 2026 4143 presidia
2045 4081 2076 4131 J
2102 4083 2164 4129 85
2209 4094 2303 4143 pro
2321 4093 2471 4131 nuto

1404 4142 1516 4193 dies
1540 4153 1824 4209 noctesque
1862 4145 1897 4199 J
1922 4149 2004 4208 59,
2045 4146 2158 4196 ,194
2205 4157 2474 4209 qua-pra-

1402 4218 1562 4273 cepta
1595 4224 1710 4259 cum
1748 4210 1996 4267 agitarem
2036 4209 2070 4262 J
2090 4214 2152 4259 14
2218 4209 2307 4259 ubi
2346 4223 2473 4272 gen·

1404 4275 1532 4326 tium
1552 4283 1643 4325 aut
1660 4275 1783 4340 quid
1803 4276 2028 4340 agitaret
2045 4275 2080 4326 J
2098 4279 2163 4325 54
2184 4274 2219 4328 J
2238 4278 2302 4325 93
2351 4288 2473 4339 pro·

1402 4339 1823 4408 pius-bseqao
1849 4339 2473 4411 agitststatnfflfmstss
