2984 4892
505 376 639 442 3522
1301 391 1403 438 An
1450 390 1532 436 c.·
1560 365 1926 438 clusum*
1999 395 2006 404 ·

502 542 667 606 erat.
756 532 891 622 Sed
920 533 1042 602 ubi
1085 551 1204 600 eos
1247 534 1572 619 paulatim
1620 535 1946 618 expulsos
1998 533 2200 617 agris,
2225 533 2492 600 ‘inertia'
2513 537 2719 621 'atque

504 641 737 725 inopia
763 641 1048 705 incertas
1079 637 1313 703 domos
1341 639 1587 703 habere
1615 640 1912 722 subegit:
1955 643 2227 722 'coepere
2268 638 2522 702 alienas
2554 655 2722 722 opes

505 751 750 830 petere,
780 744 1150 808 libertatem
1179 759 1368 808 suam
1392 759 1548 809 cum
1576 743 1921 828 republica
1947 743 2246 806 venalem
2275 742 2534 807 habere.
2569 787 2578 802 .
2614 739 2722 806 Ita

503 848 821 932 paulatim
851 847 1161 930 populus,
1188 847 1303 930 qui
1333 846 1639 910 dominus
1680 851 1843 923 erat,
1887 852 1953 910 et
1981 845 2239 910 cunctis
2266 844 2574 927 gentibus
2602 846 2721 908 im-

502 951 862 1035 peritabat,
893 949 1194 1033 dilapsus
1223 955 1357 1014 est:
1402 955 1467 1013 et
1511 970 1631 1034 pro
1681 951 2013 1014 communi
2051 950 2352 1032 imperio,
2400 948 2718 1032 privatim

503 1054 636 1120 sibi
668 1054 948 1137 quisque
975 1053 1353 1118 servitutem
1384 1053 1661 1136 peperit.
1751 1052 1928 1118 Haec
1966 1053 2162 1135 igitur
2206 1051 2559 1143 multitudo
2587 1051 2724 1134 pris

503 1176 687 1221 mum
713 1155 910 1219 malis
939 1155 1238 1219 moribus
1268 1155 1543 1232 imbuta,
1577 1155 1810 1220 deinde
1842 1157 1912 1219 in
1941 1162 2136 1232 arteS,
2157 1156 2463 1239 vitasque
2498 1156 2720 1222 varias

503 1259 891 1344 dispalata,5
917 1258 1097 1323 nullo
1135 1258 1336 1322 modo
1383 1259 1550 1322 inter
1595 1263 2087 1341 se‘congruens,
2117 1261 2356 1340 parum
2382 1257 2546 1320 mihi
2573 1258 2721 1341 qui-

504 1361 654 1427 dem
698 1361 941 1425 idonea
985 1361 1243 1425 videtur
1290 1362 1376 1426 ad
1427 1361 1910 1448 capessendam
1956 1360 2276 1445 rempubl.
2382 1357 2719 1437 Ceterum,

504 1464 752 1530 additis
780 1464 976 1528 novis
1006 1464 1293 1542 civibuS,
1324 1484 1568 1547 magna
1613 1484 1718 1529 me
1761 1483 1918 1548 spes
1962 1469 2160 1540 tenet,
2191 1462 2354 1541 fore,
2385 1466 2458 1525 ut
2485 1481 2718 1526 omnes

503 1568 1050 1651 expergiscantur
1099 1567 1187 1631 ad
1246 1568 1654 1634 libertatem:
1699 1569 1954 1654 quippe
2006 1587 2159 1632 cum
2207 1566 2342 1630 illis
2379 1565 2719 1629 libertatis

502 1670 880 1749 retinendae,
914 1674 1054 1734 tum
1081 1669 1186 1734 his
1216 1671 1554 1737 servitutis
1585 1672 1966 1737 amittendae
1999 1691 2160 1737 cura
2175 1671 2446 1734 orietur.
2497 1671 2504 1678 '
2538 1667 2719 1745 Hos,

504 1792 631 1855 ego
689 1789 966 1850 censeo,
1009 1774 1378 1856 permixtos
1430 1793 1587 1836 cum
1635 1775 1967 1863 veteribus
2019 1793 2258 1851 novoS,
2312 1775 2380 1837 in
2431 1770 2720 1836 coloniis

503 1877 905 1940 constituas:
953 1876 1050 1939 ita
1091 1880 1158 1940 et
1186 1895 1290 1942 res
1318 1875 1622 1940 militaris
1652 1876 2030 1959 opulentior
2058 1876 2207 1954 erit,
2237 1883 2306 1941 et
2333 1874 2566 1960 plebes
2595 1875 2721 1939 boa·

500 1978 607 2042 nis
634 1979 920 2062 negotiis
949 1978 1269 2062 impedita
1298 1979 1542 2043 malum
1573 1979 1913 2062 publicum
1939 1977 2160 2043 facere
2193 1976 2467 2044 desinet.

591 2080 726 2146 Sed
774 2101 904 2146 non
953 2081 1232 2160 inscius»,
1278 2100 1494 2168 neque
1524 2080 1913 2164 imprudens
1938 2101 2081 2145 sum
2113 2100 2265 2145 cum
2307 2100 2388 2145 ea
2425 2101 2535 2145 res
2565 2102 2721 2166 age«-

501 2192 629 2260 tur,
632 2181 815 2273 nquae
865 2183 1148 2259 saevitia,
1201 2202 1483 2265 quaeque
1533 2187 1960 2266 tempestates
2006 2183 2346 2248 hominum
2388 2184 2745 2264 nobilium,

498 2265 746 2350 futurae
781 2285 934 2362 sint,
969 2305 1123 2355 cum
1148 2284 1687 2367 indignabuntur,
1715 2288 1935 2350 omnia
1963 2286 2261 2351 funditus
2285 2288 2574 2365 misceri,
2604 2269 2736 2360 ans

498 2388 703 2470 tiquis
749 2387 1015 2460 civibus
1043 2389 1215 2452 hanc
1248 2390 1658 2453 servitutem³
1685 2389 1961 2473 imponi,
2010 2409 2282 2471 regnum
2311 2390 2600 2474 denique
2630 2408 2716 2452 ex

497 2489 711 2555 libera
735 2490 1000 2555 civitate
1031 2490 1342 2570 futurum,
1373 2492 1491 2556 ubi
1540 2493 1738 2557 unius
1784 2511 2070 2568 munere
2094 2492 2446 2558 multitudo
2486 2494 2716 2574 ingens

497 2593 569 2656 in
616 2594 955 2658 civitatem
996 2596 1383 2679 pervenerit.
1472 2594 1802 2680 Equidem
1850 2615 1972 2678 ego
2026 2596 2126 2660 sic
2182 2595 2362 2679 apud
2420 2596 2716 2660 animum

497 2681 735 2760 meum
743 2701 996 2762 statuo·
1042 2698 1286 2763 malum
1332 2700 1599 2764 facinus
1649 2700 1718 2764 in
1747 2719 1821 2763 se
1852 2691 2285 2776 committere,
2317 2697 2430 2790 qui
2464 2698 2717 2762 iucem.-

497 2787 697 2862 modo
742 2799 904 2882 reip.
955 2800 1237 2882 gratiam
1289 2802 1419 2866 sibi
1472 2802 1815 2881 conciliet3
1862 2801 1978 2865 ubi
2007 2801 2311 2884 bonum²
2362 2797 2718 2884 publicum

495 2901 697 2966 etiam
730 2901 1046 2985 privatim
1078 2904 1225 2966 usui
1256 2909 1390 2968 est:
1437 2903 1508 2967 id
1540 2923 1692 2968 vero
1721 2875 2026 2968 dubitare
2057 2902 2350 2987 aggredi,
2381 2902 2712 2967 secordiae

376 3031 391 3035 ⁴
498 3007 697 3086 atque
727 3004 1015 3085 ignaviae
1070 3004 1269 3070 duco.
1364 3004 1696 3075 M..Livio
1745 3004 1997 3071 Drusob
2046 3025 2308 3089 semper
2355 3005 2716 3070 consilium

495 3104 645 3183 fuit,
674 3106 744 3168 in
774 3106 1102 3186 tribunatu
1132 3127 1393 3174 summa
1417 3127 1546 3193 ope
1566 3109 1688 3174 niti
1711 3130 1841 3226 pro
1862 3108 2236 3178 nobilitate·
2268 3111 2477 3193 neque
2509 3108 2714 3174 ullam

496 3227 636 3273 rem
687 3209 755 3271 in
809 3209 1140 3302 principio
1192 3230 1384 3293 agere
1433 3211 1731 3298 intendit,
1780 3213 1907 3277 nisi
1954 3212 2049 3277 illi
2103 3218 2410 3277 auctores
2461 3213 2717 3277 fierent.

498 3307 635 3371 Sed
689 3299 986 3375 homines
1040 3312 1362 3391 factiosi,c
1418 3290 1660 3397 quibus
1718 3315 1930 3389 doluS‚
1987 3319 2182 3398 atque
2241 3314 2521 3391 malitia,
2582 3314 2714 3377 fide

498 3411 759 3475 cariora
780 3419 992 3491 erant,
1036 3414 1154 3478 ubi
1202 3415 1700 3493 intellexerunt,-
1735 3436 1850 3499 per
1896 3435 2100 3479 unum
2136 3414 2465 3478 hominem
2483 3416 2713 3479 ‘maxi-

1457 3617 1467 3637 t
1493 3592 1714 3645 NOTAE

496 3685 638 3736 tione
656 3686 785 3736 arvi-9
804 3687 1050 3751 reposuit.
1106 3715 1114 3726 ·
1242 3711 1249 3716 ·
1441 3711 1445 3716 ·
1541 3724 1548 3733 ·
1643 3706 1730 3741 mo
1754 3691 1946 3755 publici
1974 3691 2090 3741 boni
2115 3688 2370 3740 rationem
2395 3686 2606 3740 habuit.

559 3771 582 3806 1
619 3764 895 3827 Disputata]
951 3765 1015 3815 Id
1042 3771 1138 3828 est,
1157 3768 1400 3832 dispersu
1440 3784 1558 3820 cum
1707 3767 1731 3802 θ
1763 3768 1946 3830 Druso]
2014 3768 2292 3817 politicum
2317 3766 2486 3815 virum
2521 3767 2590 3817 de
2615 3767 2709 3816 isto

493 3840 633 3894 aluid
658 3843 745 3892 alii
775 3858 933 3906 genus
954 3843 1462 3910 vitae-sequerentur.
1642 3844 1898 3894 Volteium
1936 3843 2155 3892 adivisse
2196 3856 2530 3908 nequaquam
2571 3844 2709 3908 pige·

557 3927 577 3951 ²
611 3919 754 3968 Hanc
772 3920 1073 3984 servitutem]
1136 3923 1207 3976 Id
1224 3931 1323 3986 est,
1343 3925 1445 3974 koee
1462 3939 1560 3973 om·
1644 3919 1739 3970 bit.
1827 3951 1832 3956 -

492 3995 577 4044 niu
616 3996 669 4060 ἰῃ
689 3997 933 4047 civitatem
954 3998 1132 4056 induci,
1163 4004 1217 4048 ut
1242 4000 1474 4050 veteribus
1492 4001 1561 4050 ci·
1705 4003 1728 4030 ⁶
1761 3995 1998 4058 factioni]
2063 3996 2148 4045 De
2179 3993 2438 4044 nobilibus
2460 3995 2708 4062 loquitur,

492 4072 627 4121 vibus
647 4074 895 4122 servitium
916 4075 1248 4137 imponeretur.
1640 4075 1871 4139 itemque
1894 4075 2104 4137 Senatu,
2128 4074 2213 4139 qui
2239 4075 2471 4125 Drusum
2497 4073 2710 4126 Senatui

557 4152 581 4179 ⁸
619 4147 715 4196 Ubi
734 4148 929 4213 mum]
964 4150 1182 4200 Dii-ecte
1199 4150 1435 4215 dixisset,
1464 4153 1560 4202 Ubi
1642 4151 1738 4216 ipsi
1768 4150 2030 4202 faventem
2055 4165 2151 4217 per
2171 4149 2417 4202 invidiam
2439 4165 2706 4219 oppresse?

491 4222 666 4274 bonum
682 4225 921 4286 privatum
943 4227 1091 4276 etiam
1118 4227 1304 4290 publice
1331 4229 1441 4279 usui
1461 4234 1560 4288 est,-
1639 4235 1779 4280 runt.

493 4310 671 4350 verum
704 4299 970 4360 honestius
1000 4304 1282 4370 expressit,
1301 4319 1420 4355 cum
1456 4306 1559 4371 pri-
