2984 4892
472 382 652 449 xxiv

479 541 639 594 Nunc
661 540 807 591 malis
832 540 1086 592 fructibus
1118 539 1229 606 ipsa
1268 541 1356 591 vix
1381 542 1545 606 agitat

482 608 526 657 F
548 612 664 667 298,
685 612 747 657 24
817 608 1086 672 plerusque
1118 621 1199 656 res
1234 605 1444 657 fortuna
1479 622 1545 656 ex

476 670 712 722 lubidine
748 687 840 721 sua
880 673 919 720 F
941 676 1056 734 848,
1088 675 1120 720 7
1186 674 1416 736 asperius
1442 687 1545 722 ma·

479 738 660 803 gisque
683 738 857 786 anxius
882 738 921 785 F
942 741 1059 799 856,
1081 740 1146 785 26

548 800 751 861 Agmen
794 808 1082 851 extremum
1127 800 1161 852 J
1205 806 1269 850 50
1350 802 1548 853 munito

483 865 727 917 incedere
750 868 781 919 J
806 871 871 916 46
937 866 990 915 in
1016 881 1097 931 ag.
1122 866 1386 930 principes
1422 866 1549 917 facti

484 932 520 985 J
566 937 629 981 50
720 944 1008 996 postremus
1050 933 1101 980 in
1155 937 1361 980 tentare
1408 932 1442 984 J
1485 939 1547 982 55

487 997 740 1061 quadrato
778 999 811 1050 J
850 1002 944 1047 100
1010 1012 1168 1061 qnare
1207 996 1367 1062 igitur
1404 1004 1552 1047 tauto

484 1064 688 1126 agmine
713 1069 870 1127 atque
910 1061 1092 1111 animis
1131 1061 1331 1112 incedit
1372 1063 1412 1111 F
1439 1066 1556 1126 278,

490 1131 552 1176 18
620 1128 817 1177 laxiore
841 1128 1045 1191 agmine
1070 1128 1112 1176 F
1136 1131 1251 1189 809,
1276 1131 1307 1175 8

551 1191 747 1257 Αςιιὴ
787 1194 951 1258 gioria
985 1206 1143 1258 super
1163 1206 1338 1243 omnes
1362 1199 1557 1243 morta-

485 1257 564 1307 les
588 1259 630 1307 F
654 1262 767 1316 860,
790 1265 822 1307 6

557 1321 804 1387 Agrestia
843 1338 968 1372 vasa
1000 1323 1045 1371 1²·
1091 1327 1206 1387 817,
1243 1326 1307 1372 28
1373 1321 1558 1372 Numi·

490 1386 671 1436 darum
696 1386 917 1438 aedificia
937 1389 971 1439 J
998 1391 1059 1437 18

554 1451 860 1503 Alacribus:
882 1467 996 1502 cum
1022 1453 1151 1503 alac.
1167 1453 1301 1503 saltu
1325 1452 1562 1502 certabat

492 1517 538 1568 F
576 1520 690 1582 827,
732 1523 788 1568 11
879 1518 1073 1568 animos
1115 1517 1338 1567 omnium
1362 1519 1558 1568 alacres

492 1582 638 1632 videt
680 1584 722 1633 C
766 1586 827 1633 21
928 1583 1229 1646 Junguntur
1286 1583 1457 1633 acrior
1503 1590 1560 1634 et

494 1647 712 1698 alacrior
729 1647 870 1697 Flor.
893 1647 962 1708 iv,
980 1651 1032 1709 2,
1053 1653 1103 1696 4.
1139 1648 1267 1697 Cum
1287 1649 1558 1698 alacritate

492 1719 648 1791 rates·
673 1713 896 1789 junctae,
921 1714 1070 1763 Curt.
1117 1712 1206 1775 vii,
1228 1718 1310 1762 87.
1391 1713 1560 1776 impar

494 1777 1107 1905 ffissffaig’m‘aemffizffl,
1122 1778 1561 1893 „mamm

492 1922 559 2021 5⁰
598 1908 999 2023 ‘¹¹2¹1iiti‘1‘52ffi
1017 1906 1559 2038 222¹‘211533335‘3103’

672 2008 684 2022 .
761 2008 777 2036 ,
875 2010 888 2023 .
1123 2008 1139 2035 ,
1424 2010 1438 2034 ,
1545 2010 1559 2025 .

618 2074 632 2088 .
652 2037 914 2089 consentit
931 2052 1047 2087 cum
1070 2044 1181 2104 opt.
1203 2037 1561 2089 stewechiano

497 2110 555 2152 et
588 2103 889 2153 audaciores
927 2101 1159 2152 exhibet.
1210 2103 1414 2154 Velites
1456 2105 1562 2154 levi

497 2174 780 2232 armatura,
838 2182 1055 2231 corpore
1100 2167 1281 2219 alacri.
1341 2168 1417 2219 ibi
1453 2170 1559 2231 Mn.

498 2233 711 2298 optimis
769 2248 846 2298 ro,
868 2232 1063 2311 optime

562 2295 731 2362 Algor
752 2314 797 2362 ε,
818 2305 1020 2362 patiens
1042 2298 1086 2348 C
1109 2305 1139 2348 5

564 2359 710 2411 Alia:
731 2370 868 2426 post,
888 2362 980 2412 ubi
1001 2376 1176 2414 eorum
1199 2362 1387 2413 famam
1406 2368 1565 2441 atque

496 2427 750 2492 pudorem
788 2427 1080 2491 attriverat,
1114 2428 1311 2493 majora
1340 2429 1443 2478 alia
1473 2442 1566 2479 nn-

537 2491 723 2542 erabat
744 2491 788 2542 C
810 2496 874 2542 16
939 2506 1072 2542 nova
1093 2493 1304 2543 diruunt
1321 2494 1422 2543 alia
1442 2493 1567 2544 aedi·

536 2563 660 2606 cant
679 2558 724 2607 C
745 2560 811 2606 20
877 2557 1114 2621 polliceri
1136 2559 1464 2623 sacerdotia,
1486 2574 1566 2609 ra-

496 2621 665 2687 pinas,
706 2621 809 2671 alia
830 2621 1001 2672 omnia
1034 2637 1151 2688 quae
1174 2623 1366 2673 bellum
1401 2627 1499 2675 stc.
1521 2624 1568 2674 C

499 2689 562 2736 21
597 2687 640 2736 F
663 2690 779 2752 884,
800 2692 832 2737 2
898 2687 1025 2738 item
1062 2689 1187 2740 alios
1225 2689 1279 2737 in
1311 2688 1413 2738 alia
1447 2689 1567 2739 loca

500 2758 810 2867 ἓιῖἓθῗέἒῖἑ
834 2752 1023 2867 00Ἷὲ
1039 2752 1565 2883 ε”ειέζῗέῗῖηῗὶἱῖῗ

502 2882 620 2946 lega
650 2889 794 2932 ratus
815 2882 849 2934 J
871 2886 936 2933 48
1002 2883 1107 2934 alia
1145 2883 1255 2934 aliis
1284 2884 1498 2934 licentia
1522 2883 1565 2935 C

498 2951 563 2997 51
589 2953 647 2997 et
679 2947 723 2996 C
755 2951 818 2996 54
885 2947 1073 2998 diversi
1116 2949 1395 2999 redeuntes
1434 2950 1566 3000 alius

502 3010 571 3061 ab
605 3012 709 3061 alia
732 3018 884 3077 parte
904 3013 939 3064 J
965 3017 1058 3063 101
1128 3014 1230 3063 alia
1250 3012 1415 3078 fuere,
1446 3028 1565 3080 quie

498 3076 618 3128 illos
638 3091 854 3141 magnos
877 3074 1083 3128 fecere:
1119 3093 1235 3145 quai
1257 3078 1403 3128 nobis
1424 3081 1567 3131 nulla

503 3146 624 3191 sunt
650 3143 695 3192 C
717 3146 781 3191 52
847 3141 1019 3193 studia
1058 3144 1290 3208 corporis
1312 3144 1430 3208 alia,
1464 3144 1568 3194 alia

504 3206 660 3256 animi
681 3207 716 3259 J
734 3211 766 3256 2
786 3207 829 3257 C
849 3211 913 3257 28
982 3208 1136 3259 alium
1155 3208 1259 3259 alia
1280 3208 1454 3275 clades
1474 3224 1567 3275 op-

504 3272 700 3336 pressit
736 3271 772 3322 J
815 3276 877 3321 14
943 3273 1046 3322 alia
1083 3272 1271 3324 deinde
1308 3275 1406 3324 alia
1450 3275 1570 3325 loca

503 3335 805 3402 petiverant
838 3338 872 3389 J
903 3341 965 3386 18
1004 3339 1046 3388 Ρ
1080 3341 1197 3404 857,
1238 3341 1299 3389 18
1344 3346 1400 3389 et
1434 3339 1468 3391 J
1504 3344 1570 3390 86

484 3412 696 3466 ·pecore
735 3408 894 3467 atque
939 3402 1040 3452 alla
1080 3404 1258 3467 praeda
1292 3404 1326 3456 J
1349 3409 1416 3454 20
1480 3404 1571 3455 illa

500 3472 662 3595 ἕξειὲξει
706 3466 978 3581 allieamttaliia
1015 3467 1158 3582 Jviw
1234 3483 1571 3584 quffcumque

1105 3548 1150 3583 ω
1241 3548 1301 3584 ro
1338 3549 1397 3584 ra
1452 3550 1575 3584 iu—

502 3545 756 3661 fuere,qet
792 3596 895 3646 alia
930 3546 1151 3662 affilius
1185 3548 1307 3651 ,ΙΡ44
1371 3607 1573 3663 praeter

502 3661 697 3712 milites
718 3661 821 3710 alia
839 3661 1008 3711 omnia
1029 3678 1098 3728 op
1170 3670 1322 3714 rtuna
1341 3664 1375 3716 J
1398 3670 1463 3715 52
1485 3665 1574 3714 ille

504 3726 733 3792 probare
747 3727 956 3791 partim,
969 3728 1068 3778 alia
1081 3743 1110 3778 a
1149 3730 1349 3782 nuereJ
1362 3734 1448 3795 40,
1460 3731 1493 3782 J
1509 3735 1571 3780 88

505 3792 679 3842 omnia
700 3794 813 3843 liaec
853 3793 1094 3856 praesidio
1126 3793 1313 3845 adsunt
1336 3798 1434 3845 &te-
1474 3796 1573 3846 vir-

507 3861 624 3907 tute
646 3865 703 3909 et
744 3858 1071 3908 innocentia:
1108 3873 1229 3909 nam
1250 3860 1351 3909 alia
1371 3860 1575 3911 infirma

506 3923 675 3975 suntJ
697 3927 759 3973 85
824 3924 1021 3988 hastas,
1034 3925 1301 3989 vexillum,
1320 3926 1576 3990 phaleras,

507 3987 613 4036 alia
654 3988 690 4039 J
732 3992 795 4038 85
880 3989 1162 4055 redundat,
1198 3991 1459 4040 modestus
1507 3993 1571 4041 ad

504 4052 683 4103 omnia
713 4053 815 4103 alia
848 4054 949 4103 nisi
984 4055 1050 4105 ad
1092 4055 1489 4106 dominationem
1530 4058 1574 4106 F

507 4119 625 4181 m,
668 4121 733 4167 18
819 4117 965 4169 dicta
1007 4120 1109 4171 alia
1164 4120 1257 4170 sed
1314 4128 1575 4171 certatum

505 4182 765 4247 utrimque
801 4172 868 4232 de
905 4184 1257 4235 dominatione
1304 4187 1347 4236 F
1387 4190 1504 4241 808.
1541 4191 1575 4237 6

510 4253 721 4296 sancms
744 4246 844 4297 alia
867 4248 909 4299 12
927 4253 1043 4311 882,
1061 4254 1125 4300 21
1192 4252 1392 4301 Vanum
1415 4262 1578 4316 genus

512 4316 576 4357 ut
603 4308 706 4360 alia
729 4308 927 4363 Africo
967 4315 1146 4382 Ρ882,
1167 4319 1233 4367 80
1298 4329 1461 4384 reflua
1495 4326 1575 4368 at·

1158 394 1405 445 mnnx
1455 395 2009 446 GRAMMATICUS

1622 557 1721 607 que
1745 540 1880 606 Imp.
1904 541 2030 592 item
2058 540 2161 591 alia
2194 540 2238 590 F
2271 542 2392 602 880,
2424 544 2455 590 1
2525 540 2696 606 qua!-

1619 620 1838 672 cumque
1873 606 2025 655 modo
2065 612 2123 656 tu
2160 606 2433 655 victoriam
2479 621 2695 671 compo-

1617 672 1797 733 sueris,
1821 673 1897 722 ita
1917 672 2018 721 alia
2041 672 2210 721 omnia
2228 670 2404 721 sutura
2431 672 2473 720 P
2493 675 2596 722 840
2630 676 2698 723 22

1619 738 2010 798 circumvenire,
2043 737 2146 785 alia
2192 737 2554 802 hujuscemodi
2584 709 2701 787 {eri

1621 806 1720 851 διο.
1738 803 1783 852 C
1799 808 1865 852 52
1919 803 2011 852 sed
2028 817 2144 851 cum
2163 803 2317 850 aliam
2335 803 2697 852 conditionem

1622 869 1980 917 tantummodi)
2023 882 2223 931 aequam
2265 874 2512 931 peterent
2555 866 2590 918 J
2634 872 2700 916 70

1623 932 1837 982 aliarum
1862 941 2019 998 atque
2045 934 2264 981 Senatus
2298 933 2528 996 partium
2553 933 2598 981 C
2633 936 2697 982 87

1627 1012 1746 1062 pars
1767 999 2029 1062 ingenium
2053 998 2141 1046 alii
2165 1012 2353 1061 corpus
2384 999 2429 1047 C
2457 1002 2492 1047 2
2558 997 2701 1047 aliud

1629 1063 1716 1111 alii
1758 1072 1944 1113 natura
1985 1064 2087 1112 iter
2125 1063 2356 1112 ostendit
2396 1063 2441 1112 C
2475 1067 2510 1111 2
2577 1070 2700 1114 sunt

1629 1128 1718 1193 qui
1736 1128 1812 1177 ita
1831 1128 2164 1178 dicant—alii
2178 1135 2351 1177 autem
2370 1129 2414 1178 C
2436 1132 2524 1177 19·
2569 1128 2702 1178 alius

1632 1193 1720 1242 alii
1755 1194 1883 1242 tanti
1918 1192 2164 1244 facinoris
2194 1194 2390 1243 conscii
2411 1194 2544 1243 022
2611 1193 2703 1242 alii

1632 1261 1733 1309 dcc.
1768 1273 1886 1321 pars
1914 1259 1957 1309 C
1991 1263 2055 1308 88
2073 1265 2129 1307 et
2166 1258 2288 1308 0⁴8
2356 1258 2524 1308 ceteri
2540 1258 2704 1307 verbo

1632 1323 1763 1373 alins
1793 1323 1882 1373 alii
1919 1324 2063 1373 varie
2100 1323 2523 1373 assentiebantur
2552 1324 2600 1373 C
2638 1327 2704 1373 52

1634 1388 1813 1438 Ceteri
1836 1402 2036 1453 sparos,
2076 1389 2164 1438 alii
2185 1388 2327 1438 sudis
2352 1389 2640 1453 portabant
2659 1388 2704 1438 C

1635 1457 1699 1503 50
1784 1456 2006 1504 amicum
2042 1454 2128 1503 alii
2191 1468 2310 1518 pars
2353 1456 2616 1518 hospitem
2659 1455 2705 1504 C

1634 1518 1730 1569 ult.
1772 1533 1889 1583 pars
1930 1533 2023 1582 spe
2063 1489 2150 1568 alii
2189 1520 2405 1581 praemio
2435 1518 2700 1570 induetiJ

1636 1586 1697 1633 18
1766 1583 1919 1633 alii—
1959 1599 2060 1633 ars.
2103 1584 2231 1633 Pars
2280 1584 2368 1634 alii
2400 1584 2434 1634 J
2476 1588 2538 1632 51
2578 1590 2636 1633 et
2668 1583 2700 1635 J

1633 1652 1700 1698 66
1732 1647 1766 1699 J
1800 1652 1864 1698 74
1975 1652 2091 1712 847,
2121 1652 2156 1697 9
2221 1620 2371 1698 ἕπει-ε
2405 1649 2497 1713 qui
2531 1651 2705 1698 ste.-

1634 1713 1909 1778 alii—pars
1943 1714 1978 1766 J
2014 1717 2076 1763 81
2144 1713 2372 1780 puberes
2412 1713 2709 1777 interfecti,

1634 1778 1740 1842 alii,
1772 1793 1950 1829 omnes
2000 1779 2299 1829 venumdati
2335 1777 2372 1830 J
2414 1783 2481 1830 91
2551 1780 2596 1827 si
2625 1795 2710 1827 ea·

1634 1844 1768 1893 veris
1807 1844 1907 1895 alia
1940 1845 2109 1894 omnia
2140 1845 2192 1893 iu
2234 1844 2451 1908 prociivi
2485 1851 2643 1893 erunt
2666 1845 2712 1893 Ρ

1634 1912 1750 1974 855,
1773 1913 1835 1958 14
1901 1909 2149 1959 Lentulus
2174 1915 2229 1959 et
2252 1909 2407 1959 Ceth.
2443 1909 2640 1974 aliique
2663 1909 2709 1959 C

1637 1978 1700 2024 17
1765 1988 1831 2023 ex
1854 1974 1965 2022 aliis
1997 1973 2153 2023 rebus
2184 1974 2351 2038 magis
2423 1988 2544 2023 uam
2607 1973 2708 2023 nod

1634 2039 1874 2105 cuiquam
1929 2040 1983 2088 id
2028 2049 2353 2103 compertum
2425 2047 2544 2089 oret
2571 1990 2709 2088 qhaec

1635 2103 1775 2154 fama
1796 2103 2006 2154 valebat
2044 2106 2089 2155 C
2113 2109 2176 2154 14
2256 2104 2553 2154 nominibus
2590 2118 2711 2171 per-

1637 2170 1864 2220 solveret
1887 2169 1931 2219 C
1954 2173 2017 2218 85
2084 2184 2258 2218 rursus
2297 2169 2408 2218 aliis
2447 2176 2574 2234 post
2597 2169 2713 2218 aliis

1635 2235 1862 2285 minitari
1898 2233 1934 2286 J
1970 2240 2033 2285 55
2118 2235 2302 2312 praelia
2344 2234 2526 2296 multa,
2568 2243 2714 2284 cete·

1637 2314 1749 2349 rum
1774 2300 1876 2350 alia
1908 2300 2044 2349 levia
2067 2300 2180 2349 aliis
2200 2299 2328 2349 locis
2367 2298 2546 2350 facere
2582 2300 2620 2351 J
2643 2303 2705 2348 87

1637 2379 1810 2482 ἓῗέ“.ῗ
1830 2365 1921 2479 ῗὲἓ
1935 2364 2715 2495 ’θῗᾶἓῗὲῧὲἒὶὲᾜῗέῗὲῗῖ

2610 2465 2627 2491 8

1640 2500 1852 2559 portere
1896 2497 1997 2544 διο.
2038 2495 2073 2546 J
2122 2500 2181 2545 11
2249 2494 2447 2545 bellum
2488 2496 2711 2545 aliorum

1640 2574 1771 2624 pace
1792 2560 1993 2610 mollius
2131 2559 2222 2610 isti
2244 2560 2288 2609 F
2308 2564 2426 2621 840,
2452 2563 2515 2609 14
2583 2560 2714 2609 alios

1640 2625 1692 2674 in
1725 2624 1827 2674 alia
1865 2626 1980 2674 loca
2064 2628 2128 2674 27
2196 2639 2285 2674 eos
2328 2633 2489 2689 atque
2512 2625 2646 2674 alios
2668 2625 2712 2674 C

1640 2694 1705 2740 87
1769 2690 1910 2754 apud
1927 2690 2051 2739 alios
2070 2689 2334 2740 iracundia
2356 2690 2553 2740 dicitnr
2575 2690 2623 2740 C
2647 2694 2712 2740 51

1640 2754 1771 2805 alios
1815 2755 1943 2805 item
1987 2768 2090 2817 non
2134 2760 2359 2804 armatos
2401 2755 2447 2804 F
2486 2759 2608 2816 842,
2651 2758 2714 2804 18

1640 2820 1771 2870 alius
1815 2820 1972 2870 alium
2008 2820 2204 2869 hortari
2237 2820 2282 2870 C
2322 2824 2357 2869 6
2395 2819 2429 2872 J
2464 2823 2534 2869 40
2577 2820 2616 2871 J
2649 2824 2718 2869 06

1641 2883 2480 3014 menne>
2505 2884 2716 3001 ‘zzz

1642 3020 1703 3064 15
1769 3029 1956 3081 panem
1985 3023 2076 3065 aut
2149 3029 2265 3065 uem
2296 3016 2455 3064 alium
2477 3015 2658 3065 cibum
2679 3014 2714 3066 J

1639 3084 1704 3131 45
1793 3080 1950 3130 alium
1994 3080 2061 3132 ab
2105 3094 2137 3130 a
2158 3080 2210 3129 io
2245 3079 2484 3131 diversos
2528 3095 2717 3145 aggre-

1642 3145 1782 3196 ditur
1826 3145 1859 3197 J
1905 3149 1972 3196 46
2055 3145 2211 3195 alium
2257 3153 2376 3210 post
2415 3146 2578 3194 alium
2621 3144 2718 3195 siu

1643 3211 1853 3277 peperit
1890 3211 1926 3262 J
1953 3213 2016 3260 68
2084 3223 2254 3275 neque
2295 3211 2516 3260 consilio
2545 3223 2718 3276 neque

1643 3290 1797 3326 manu
1831 3276 2058 3341 priorem
2096 3276 2252 3326 alium
2289 3276 2400 3340 pati
2420 3276 2454 3326 J
2480 3278 2547 3324 06
2617 3290 2718 3340 quo

1646 3342 1786 3391 inter
1818 3356 1875 3391 se
1910 3355 1993 3390 ma
2031 3341 2071 3389 's
2105 3339 2198 3390 fidi
2233 3336 2411 3391 forent
2447 3341 2583 3391 aliua
2619 3340 2719 3390 alio

1646 3419 1955 3458 concessere
2047 3408 2110 3455 12
2174 3419 2330 3470 quam
2369 3406 2601 3455 maxime
2645 3406 2720 3455 di-

1646 3471 1784 3522 versi
1812 3470 1846 3523 J
1881 3475 1946 3521 50
2011 3476 2068 3521 et
2105 3468 2234 3520 ferri
2269 3470 2314 3520 C
2348 3475 2399 3535 2,
2435 3474 2505 3520 26
2572 3469 2717 3521 aliud

1650 3536 1736 3586 alii
1758 3536 1860 3586 iter
1881 3535 2108 3585 ostendit
2136 3536 2181 3585 C
2202 3539 2234 3585 2
2298 3549 2365 3585 ne
2437 3550 2470 3586 e
2497 3536 2640 3585 aliud
2663 3549 2719 3585 se

1647 3599 1918 3665 fatigando
1962 3615 2114 3665 quam
2155 3600 2331 3651 odium
2453 3604 2487 3650 8
2573 3600 2718 3650 aliud

1649 3673 1790 3717 stans
1810 3664 1948 3716 aliud
1969 3665 2154 3715 sedens
2175 3666 2218 3715 F
2234 3669 2351 3728 865,
2372 3669 2404 3715 7
2425 3665 2472 3715 C
2495 3669 2562 3714 87
2632 3680 2720 3731 po·

1647 3739 1758 3783 test
1778 3732 1880 3781 alio
1904 3736 2158 3795 tempore,
2180 3730 2284 3781 alio
2305 3730 2536 3780 Consule
2555 3731 2655 3781 διο.
2675 3730 2720 3781 C

1648 3801 1711 3847 51
1779 3797 1882 3846 alio
1904 3803 2062 3861 atque
2085 3796 2189 3845 alio
2210 3796 2330 3845 loco
2351 3795 2386 3847 J
2405 3798 2474 3845 72

1714 3859 1903 3912 Aliena
1943 3875 2090 3910 mens
2132 3861 2177 3911 C
2219 3864 2285 3909 87
2385 3860 2571 3910 donnus
2621 3872 2722 3908 non

1647 3927 1818 3978 aliena
1851 3925 2052 3977 consilii
2096 3924 2224 3991 (non
2262 3923 2641 4003 inopportuna)
2675 3924 2720 3975 C

1649 3996 1734 4055 40,
1771 3992 1881 4056 Sic,
1919 3991 2144 4041 alienum
2182 3990 2432 4039 institutis
2467 3992 2588 4040 Cic.
2617 3990 2719 4051 Ep.

1648 4072 1700 4119 v,
1726 4060 1818 4108 1⁷:
1849 4064 1906 4107 et
1945 4056 2309 4106 alienissimum
2345 4063 2556 4120 tempus
2577 4054 2718 4118 apud

1649 4122 1870 4172 Livium.
1937 4121 2178 4171 Alienum
2215 4119 2441 4170 fortuma!
2477 4133 2586 4169 sno
2615 4119 2722 4167 vnl-

1649 4194 1760 4237 tum
1812 4200 2017 4253 gerere,
2087 4186 2305 4235 Seneca.
2371 4185 2462 4234 Sic
2514 4183 2725 4241 anxias,

1648 4261 1822 4318 atrox,
1855 4251 2105 4313 firmatus,
2132 4259 2387 4317 promtus,
2421 4247 2563 4313 apud
2604 4261 2717 4323 up·-

1651 4324 1789 4371 trum
1823 4330 1941 4370 cum
1978 4316 2142 4384 μὴ.
2210 4315 2323 4368 Olc-
2353 4314 2580 4366 alienun
2603 4324 2720 4377 eyn
