2984 4892
491 417 629 491 m
682 418 687 427 .

559 579 637 632 Ac
654 581 799 632 veluti
814 579 992 647 'effata
1006 584 1217 646 parente,
1250 581 1412 631 maltis
1432 584 1550 630 ten·

489 656 756 722 praedibus
786 657 912 707 haud
947 671 1061 707 sane
1106 657 1354 722 quisquan
1387 657 1554 706 Roma

493 734 672 784 viv-lm
710 749 906 797 magus
934 733 1065 797 fait]
1138 734 1239 785 Hic
1277 749 1551 799 perperam

498 807 606 870 alii,
638 813 910 873 pmntum:
957 808 1213 874 quomodo
1254 809 1460 875 quidem
1498 816 1555 861 et

495 884 834 948 manuscripti
867 886 1092 949 codices,
1112 895 1168 936 et
1195 888 1282 937 alii
1308 887 1555 938 vetustio-

494 973 595 1012 res.
628 962 879 1014 Quamvis
898 969 1071 1012 antem
1092 970 1149 1013 et
1168 962 1403 1014 Marinus
1416 964 1555 1029 quis-

495 1038 632 1104 piam
653 1038 955 1099 scodrensis
976 1039 1072 1089 boc
1104 1040 1257 1090 modo
1279 1040 1553 1104 legendum

497 1116 797 1178 contendat,
834 1121 1028 1177 tamen,
1071 1116 1207 1180 quod
1259 1117 1394 1166 bona
1435 1106 1551 1181 ejus

495 1193 649 1242 venia
669 1192 865 1243 dictum
884 1193 1060 1257 velim,
1091 1208 1411 1260 nequaquam
1435 1207 1556 1258 pro-

496 1271 566 1321 bo
616 1271 1102 1336 interpretationem
1159 1274 1291 1337 ejus,
1336 1277 1397 1323 nt
1433 1286 1554 1337 quae

497 1354 666 1397 totum
699 1347 825 1398 mibi
865 1348 1162 1400 Sallustiani
1199 1350 1298 1399 loci
1331 1363 1556 1399 corrum-

492 1438 625 1488 pere
646 1439 848 1475 sensum
880 1425 1133 1476 videatur.
1198 1427 1334 1477 Nam
1356 1432 1412 1477 et
1439 1439 1554 1490 per-

499 1516 678 1567 peram
724 1517 819 1566 per
860 1507 1171 1568 tempestates,
1213 1503 1323 1567 ipse
1363 1500 1556 1552 ahmi-

468 1583 622 1651 ⁸tutes
642 1579 907 1643 intelligit,
928 1588 985 1630 et
1019 1595 1115 1645 per
1143 1585 1377 1646 parentes,
1408 1578 1556 1628 mino·

495 1672 590 1722 res,
631 1660 861 1724 quamvis
904 1659 1329 1723 adstipulatorem
1364 1659 1558 1710 babeat

496 1734 752 1787 jaeobum
826 1736 1081 1801 quendam
1159 1736 1556 1787 Bononiensem.

499 1813 613 1877 Ego
636 1827 762 1863 vero
777 1818 977 1877 parente
1004 1812 1276 1876 legendum
1312 1812 1559 1874 arbitror,

496 1895 558 1939 ut
578 1888 957 1939 'Beroaldiuum
992 1888 1147 1939 babet
1186 1888 1467 1951 exemplar.
1503 1892 1562 1937 et

496 1968 595 2018 boc
613 1967 908 2018 Sallustium
929 1966 1106 2017 dicere
1139 1967 1273 2016 velle
1301 1972 1447 2031 puto,
1467 1980 1558 2015 ne-

495 2044 684 2094 minem
722 2044 832 2107 jam
892 2044 1056 2093 multo
1094 2050 1328 2108 tempore
1380 2042 1556 2093 Romae

498 2122 694 2171 virtute
718 2126 1053 2185 praestantem
1086 2127 1142 2171 et
1174 2121 1439 2183 egregium
1473 2134 1559 2168 ex-

496 2197 714 2257 stitisse,
758 2198 915 2262 idque
957 2199 1090 2247 velut
1131 2197 1293 2262 εἶα-ἐι
1340 2201 1560 2260 parente,

494 2276 611 2334 hoc,
629 2281 727 2337 est,
756 2269 1042 2338 Tamquam
1077 2273 1190 2338 jam
1230 2273 1482 2323 exhausta
1504 2274 1562 2323 et

495 2348 708 2402 defecta
729 2350 922 2400 viribus
938 2350 1067 2400 urbe
1083 2351 1263 2413 Roma,
1281 2364 1396 2413 quoe
1411 2348 1561 2413 quasi

501 2442 688 2492 parens
712 2433 793 2477 est
822 2427 1012 2478 civium
1044 2428 1408 2476 Romanorum.
1465 2426 1564 2475 Est

500 2511 675 2556 autem
709 2505 919 2570 elegans
942 2503 1247 2568 metaphora
1265 2516 1298 2551 a
1318 2500 1563 2563 foeminis,

500 2596 618 2647 quae
658 2580 922 2646 frequenti
962 2587 1051 2630 aut
1085 2593 1227 2643 agro
1264 2583 1420 2643 partu
1454 2592 1559 2627 non

502 2656 720 2722 amplius
760 2657 995 2722 pariant:
1043 2662 1147 2722 qua
1185 2655 1460 2706 tralatione
1504 2660 1561 2704 et

500 2734 749 2799 Virgilius
794 2732 977 2798 effa-tos
1021 2748 1166 2796 agros
1210 2732 1362 2794 dixit,
1414 2731 1561 2796 quasi

498 2812 745 2863 continua
765 2812 1042 2863 fertilitate
1064 2813 1296 2863 lassatos.
1329 2819 1383 2862 et
1407 2811 1558 2863 Colu-

500 2889 670 2950 mella,
711 2888 728 2916 ‘
749 2887 1009 2939 Ubertate
1051 2888 1207 2939 nimia
1239 2889 1429 2952 prioris
1461 2885 1561 2938 aevi

500 2961 840 3028 defatigatum
884 2969 941 3014 et
988 2962 1218 3014 effetum
1267 2964 1430 3014 solnm
1475 2977 1563 3012 ne-

500 3039 649 3104 quire
688 3038 908 3102 pristina
952 3039 1277 3103 benignitate
1326 3039 1562 3102 proebere

499 3114 804 3165 mortalibus
826 3116 1105 3181 alimenta.⁹
1134 3115 1170 3166 J
1173 3128 1254 3164 am
1269 3116 1562 3178 tempestati-

499 3189 585 3240 bus
609 3192 906 3242 Sallustium
938 3207 1033 3255 pro
1059 3191 1376 3256 temporibus
1412 3205 1560 3242 nsum

501 3281 636 3329 esse,
668 3268 792 3317 nihil
828 3267 1030 3330 mirum,
1050 3281 1166 3318 cum
1195 3267 1249 3318 id
1270 3280 1410 3332 saepe
1433 3269 1560 3318 alias

500 3340 677 3406 faciat,
713 3343 858 3408 cujus
891 3349 949 3392 et
976 3342 1182 3393 Servius
1220 3343 1273 3393 in
1296 3343 1491 3408 Georg.
1520 3358 1559 3394 r.

500 3416 765 3468 meminit:
789 3431 960 3483 neque
979 3418 1254 3469 Sallustius
1270 3419 1443 3483 modo,
1466 3420 1561 3470 sed

502 3496 560 3544 et
581 3492 769 3544 cicero
789 3501 845 3544 et
868 3494 973 3545 alii.
1003 3495 1091 3545 Sic
1109 3495 1279 3546 Poeta
1301 3496 1560 3561 quispiam

500 3569 641 3634 apud
682 3570 1008 3633 Ciceronem,
1046 3572 1063 3600 ‘
1090 3571 1207 3622 Qua
1244 3577 1561 3636 tempestate

501 3646 695 3698 Poeuns
739 3648 790 3697 in
832 3649 1036 3698 ltaliam
1079 3649 1273 3700 venitz’
1320 3664 1436 3714 pro,
1473 3650 1563 3715 ὁμο

500 3728 723 3789 tenpore.
790 3722 869 3775 Ac
887 3726 930 3774 si
955 3725 1078 3790 quid
1101 3726 1258 3777 estin
1280 3741 1365 3776 me
1377 3727 1563 3791 judieii

500 3801 723 3851 maxime
745 3800 840 3850 bac
864 3816 994 3851 voce
1013 3801 1328 3867 Sallustium,
1351 3808 1409 3852 nt
1428 3802 1563 3853 antl-

499 3878 757 3943 qnarinm,
789 3878 866 3928 utl
899 3878 1095 3931 decuit.
1161 3879 1281 3930 Jam
1313 3885 1565 3944 tempesta·

498 3952 598 4004 teas
620 3969 715 4019 pro
737 3961 975 4020 tempore
1004 3954 1139 4020 apud
1163 3955 1458 4006 Sallustium
1481 3970 1565 4005 ac-

499 4029 607 4095 cipi
647 4038 911 4096 oportere,
947 4032 1142 4083 indicio
1184 4037 1305 4082 sunt
1342 4046 1407 4082 ea
1443 4046 1561 4097 qun

501 4112 621 4156 mox
666 4107 855 4157 ibidem
895 4116 1211 4174 sequuntur:
1262 4112 1278 4139 4
1300 4108 1404 4158 Sed
1446 4121 1564 4157 mea

502 4185 748 4234 memoria
768 4185 970 4251 ingenti
994 4187 1210 4249 virtute,
1227 4185 1444 4235 diversis
1456 4199 1564 4235 mo·

503 4257 666 4320 dhus,
706 4259 859 4311 fuere
900 4262 1000 4312 viri
1039 4261 1163 4324 duo,
1202 4261 1280 4311 Μ.
1318 4260 1472 4323 Cato,
1506 4264 1565 4310 et

510 4332 573 4383 C.
609 4334 834 4388 cesar?
886 4350 1006 4388 nam
1049 4337 1224 4389 indus
1250 4336 1368 4388 illis
1406 4343 1566 4389 antea

1146 4426 1171 4450 ’ἱ

1188 412 1405 478 ⁸0⁵1·ae
1447 420 1851 475 vamoutm
1899 423 1981 474 tu

1631 572 1966 637 temporibus,
1978 574 2197 640 opponit
2213 573 2516 627 memoriam
2531 583 2696 635 suam,

1629 647 1727 699 boc
1767 656 1867 713 est,
1909 654 2137 704 seculum
2172 659 2230 704 et
2272 659 2481 704 atatem
2525 662 2691 700 snam.

1633 724 1756 777 Hoc
1777 729 1934 779 modo
1951 737 2005 780 et
2028 729 2348 795 Augustinus
2371 725 2692 779 intellexisse

1630 803 1768 854 bunc
1822 807 1993 858 locum
2056 810 2284 871 videtur,
2337 823 2454 858 cum
2503 804 2693 872 inqustv

1629 880 1646 908 ‘
1670 882 1876 934 Laudat
1911 885 2049 936 idem
2076 888 2346 938 Sallustius
2370 880 2691 947 temporibus

1631 959 1736 1008 suis
1768 976 1978 1027 magnos
2000 970 2056 1013 et
2090 964 2374 1029 praeclaros
2412 962 2571 1024 viros,
2611 956 2693 1007 M.

1631 1039 1883 1090 Catonem
1896 1045 1952 1090 et
1977 1040 2038 1090 C.
2058 1040 2335 1102 Caesarem,
2352 1038 2535 1089 dicens
2556 1032 2694 1103 quod

1630 1117 1717 1167 diu
1742 1118 1829 1167 illa
1859 1132 1994 1182 resp.
2034 1133 2136 1169 non
2173 1117 2358 1168 babuit
2387 1128 2695 1181 quemqnam

1631 1192 1826 1244 virtute
1866 1209 2128 1259 magnum,
2178 1195 2274 1244 sed
2310 1209 2404 1244 sua
2444 1186 2697 1263 memoria

1630 1268 1794 1320 faisse
1826 1271 1944 1321 illos
1982 1271 2110 1322 dues
2149 1273 2348 1338 ingenti
2381 1272 2598 1333 virture,
2618 1267 2698 1317 di·

1632 1347 1793 1397 vemis
1814 1348 2077 1400 moribus!
2124 1352 2256 1402 Hoec
2296 1348 2614 1414 Augustinus
2643 1358 2694 1395 v-

1633 1421 1699 1473 de
1722 1423 1939 1475 civitate
1962 1426 2088 1476 Dei.
2129 1427 2285 1480 Quod
2301 1424 2576 1477 Sallustius
2599 1419 2694 1485 ait,

1633 1500 1795 1549 maltis
1813 1502 2184 1567 tempestatibus,
2221 1504 2275 1553 id
2314 1503 2553 1553 nimirum
2590 1501 2697 1565 Aur

1635 1579 1869 1639 gustinus
1908 1581 1993 1631 diu
2029 1583 2421 1647 interpretatur.
2487 1579 2591 1630 Sed
2626 1577 2694 1628 de

1633 1654 1732 1703 hoc
1749 1657 1890 1706 satis.
1947 1659 2086 1710 Illud
2121 1675 2323 1725 quoque
2355 1675 2457 1710 non
2481 1667 2696 1721 praeter·

1636 1733 1881 1799 eundum,
1901 1734 1951 1785 in
1981 1738 2343 1802 manuscriptis
2383 1736 2512 1800 ipsis
2549 1750 2696 1802 repe·

1636 1810 1747 1872 riri,
1775 1827 1833 1861 ac
1867 1813 2014 1862 sicuti
2046 1812 2224 1878 effeta,
2254 1828 2350 1877 pro
2371 1813 2537 1874 veluti,
2558 1814 2696 1878 quod

1635 1885 1788 1937 bodie
1825 1889 2043 1952 legitur:
2078 1905 2176 1942 nec
2216 1905 2362 1941 secus
2397 1890 2450 1939 in
2487 1889 2698 1940 Veneto

1637 1971 1794 2030 atque
1815 1966 1930 2016 aliis
1948 1967 2270 2031 quibusdam.
2319 1967 2501 2017 Utitur
2523 1972 2695 2019 antem

1636 2048 1694 2092 et
1728 2044 1856 2093 alias
1887 2045 2158 2096 Sallustius
2178 2048 2247 2108 τᾷ
2264 2044 2425 2108 sicuti,
2458 2060 2556 2109 pro
2577 2050 2697 2097 tan-

1636 2135 1777 2184 qum
1813 2135 1901 2171 seu
1941 2122 2103 2186 velidi,
2137 2137 2202 2173 ne
2235 2138 2387 2188 quem
2419 2122 2698 2173 insolentia

1638 2196 1781 2250 vocis
1803 2197 1855 2246 in
1878 2198 1976 2249 boc
2000 2198 2291 2260 significato
2314 2196 2550 2250 offendat
2569 2217 2585 2249 ε
2619 2205 2696 2262 ut,

1635 2273 1652 2301 4
1675 2272 2020 2324 Nihilominus
2056 2274 2307 2336 insontes,
2329 2275 2484 2326 sicuti
2521 2283 2698 2326 sontes

1637 2348 2015 2400 circumvenire
2029 2349 2063 2400 ι’
2110 2357 2185 2410 et,
2222 2352 2239 2380 4
2264 2350 2599 2402 Constituere
2637 2366 2701 2402 ea

1636 2432 1793 2475 nocte
1816 2427 1987 2490 paullo
2021 2434 2136 2491 post
2163 2442 2281 2477 cnm
2305 2428 2519 2478 armatis
2540 2427 2699 2478 bomi-

1634 2500 1807 2564 nibus,
1848 2504 2001 2554 sicuti
2044 2506 2325 2555 salutatum
2368 2504 2592 2555 introire
2630 2505 2695 2555 ad

1635 2577 1938 2630 Ciceronem
1955 2580 1990 2630 :⁹
2005 2588 2079 2645 et,
2097 2581 2114 2610 ‘
2127 2582 2292 2631 Sicuti
2305 2582 2481 2646 jurgio
2493 2582 2701 2632 lacessi-

1633 2661 1715 2706 tus
1740 2654 1908 2723 foret,'
1932 2673 2026 2723 pro
2049 2661 2065 2688 4
2090 2666 2348 2725 tamquam
2372 2658 2516 2709 foret
2536 2660 2700 2710 laces·

1635 2730 1766 2782 situs
1781 2733 1811 2784 :'
1866 2740 1939 2797 et,
1983 2733 2128 2785 ‘Alii
2172 2735 2327 2786 sicuti
2354 2735 2480 2800 jura
2515 2734 2700 2802 populi

1637 2808 2021 2876 defenderent,'
2063 2827 2177 2878 pro,
2209 2811 2346 2877 quasi
2375 2810 2698 2872 defenderent.

1636 2888 1838 2940 Rivius.

1709 2963 1867 3014 Veluti
1897 2964 2055 3030 qffoeta
2082 2964 2355 3030 parentum]
2400 2964 2586 3029 Effe-ta
2618 2980 2702 3030 pa·

1634 3046 1786 3103 rente,
1816 3042 1940 3105 legit
1981 3041 2175 3092 Badius
2203 3042 2256 3091 in
2285 3039 2557 3091 auferendi
2579 3055 2700 3091 casu

1635 3124 1926 3183 utrumque.
1995 3120 2128 3171 Quae
2163 3117 2321 3167 lectio
2351 3116 2562 3182 quidem
2592 3116 2700 3180 pla-

1635 3200 1749 3244 cet:
1784 3208 1901 3243 nam
1926 3193 2139 3244 alteram
2173 3208 2269 3258 per
2301 3192 2590 3257 genitivum
2621 3208 2704 3257 pa·

1632 3275 1840 3331 reaturo,
1855 3285 1954 3335 ego
1972 3284 2093 3320 sane
2109 3284 2212 3320 non
2231 3268 2465 3332 intelligo
2480 3286 2496 3329 ς
2520 3269 2701 3319 etiam-

1635 3345 1680 3395 si
1702 3350 1758 3395 et
1775 3354 1926 3396 vetus
1947 3344 2112 3395 codex
2135 3344 2210 3395 ita
2226 3344 2430 3394 babeat.
2468 3343 2700 3395 Glarean.

1701 3421 1841 3471 Sicut
1882 3420 2044 3485 efferta
2069 3418 2343 3485 poeevstum]
2376 3418 2597 3482 Optima
2627 3421 2704 3469 lo·

1636 3497 1797 3561 cutio,
1819 3511 2038 3562 quaeque
2069 3496 2122 3545 in
2160 3494 2369 3559 scriptis
2390 3493 2503 3543 fere
2536 3495 2701 3545 omni·

1636 3574 1733 3625 bus
1754 3572 1993 3635 babetur,
2013 3586 2129 3621 nam
2152 3570 2282 3620 illud
2301 3569 2465 3635 effa-ta
2478 3576 2702 3634 parente,

1639 3648 1778 3714 quod
1802 3654 2076 3711 tantopere
2111 3645 2344 3696 dilaudat
2373 3647 2556 3696 Rivius
2582 3660 2700 3697 cnm

1639 3726 1926 3787 Glareano,
1943 3723 2092 3786 hujus
2116 3724 2288 3787 glossa
2309 3729 2407 3772 est.
2479 3722 2705 3773 amet·-

1638 3818 1750 3852 tuus
1773 3816 1962 3863 merus,
1978 3800 2065 3867 qui
2086 3797 2310 3850 efferunt
2328 3798 2497 3861 ἁγαθοὶ
2512 3799 2708 3863 Μμῧυ,

1636 3878 1703 3928 τὰ
1722 3877 1958 3927 mar&
1974 3875 2122 3940 ζωῶν.
2154 3878 2230 3927 Ut
2254 3876 2457 3926 Plinius
2479 3876 2496 3902 ‘
2513 3888 2704 3926 canum

1638 3952 1965 4017 degeneres?
2014 3952 2241 4013 Tacitus,
2279 3952 2297 3980 4
2321 3951 2560 4014 subJecta
2599 3950 2707 4000 val·

1637 4029 1796 4092 lium,'
1815 4031 1832 4059 ‘
1850 4030 1967 4080 avia
1982 4028 2237 4088 saltuum,'
2253 4029 2268 4056 ‘
2288 4027 2450 4077 ardna
2466 4022 2708 4076 castello-

1638 4106 1789 4157 rum?
1833 4106 1850 4135 ‘
1873 4105 2091 4170 Antiqui
2132 4103 2322 4155 autem’
2355 4103 2552 4168 (inquit
2575 4100 2706 4152 Pai-

1638 4181 1921 4247 largyrins)
1941 4185 1956 4212 4
1978 4181 2159 4232 t‘oetum
2184 4193 2280 4245 pro
2301 4178 2516 4243 gravido
2537 4178 2706 4255 solent

1638 4273 1853 4325 ponere,
1888 4266 1948 4309 ut
1981 4259 2149 4308 Varro
2185 4256 2473 4308 Atacinus:
2519 4256 2538 4285 ‘
2561 4254 2707 4305 Μ

1639 4333 1766 4387 feris
1784 4333 1999 4400 Lybie?
2020 4334 2094 4386 Et
2105 4332 2349 4398 Virgilius
2364 4330 2481 4396 lpse
2499 4328 2705 4383 t‘Seu·
