2984 4892
538 552 655 597 tum
688 551 773 601 est
803 545 1129 608 vocabulum,
1150 550 1338 610 utpote
1375 561 1492 596 cum
1528 561 1612 596 res

539 632 778 675 veterum
795 624 1142 674 Romanorum
1156 623 1208 672 in
1221 636 1461 684 agrorum
1480 637 1614 687 proe·

541 700 694 764 cipue
716 700 859 749 cultu
882 698 1246 748 consisterent.
1291 700 1459 748 Clades
1475 698 1610 747 enim

542 776 815 826 dicebatur
850 776 1058 840 proprie
1098 776 1416 825 surculorum
1451 775 1613 825 ‹letri-

534 854 637 919 -tio,
665 852 840 905 κλάδος
879 853 1012 903 enim
1037 867 1224 903 rannus.
1290 853 1377 902 Sic
1401 853 1611 903 calami-

541 937 625 980 tas
646 932 976 991 calamorum,
997 937 1195 993 strages
1218 934 1493 979 stratarum
1533 942 1613 977 ar-

540 1005 742 1056 borum.
778 1006 1012 1067 Scaliger.

605 1083 750 1132 Naue
784 1097 894 1132 tero
926 1098 1013 1145 quo
1045 1083 1141 1130 loco
1174 1097 1250 1130 res
1281 1087 1456 1131 nostra·
1489 1083 1612 1147 sint]

538 1159 907 1223 Mannscripta
929 1158 1061 1221 fere,
1094 1175 1182 1222 quo
1205 1162 1255 1208 in
1278 1162 1395 1219 Ioco,
1431 1160 1610 1210 addita

540 1234 938 1298 praepositione.
1003 1234 1191 1283 Cicero
1226 1236 1362 1286 haud
1401 1237 1507 1287 scio
1545 1251 1610 1286 an

541 1325 759 1375 usquam
804 1311 1224 1374 praepositionem
1265 1314 1454 1363 addat:
1494 1329 1609 1364 nam

486 1419 491 1425 ⁴
539 1385 608 1435 ad
631 1385 918 1451 Αιίίοιιηι,ι
944 1386 1173 1449 perbono
1204 1389 1321 1439 loco
1355 1404 1438 1439 res
1471 1389 1611 1455 fuit‚’

539 1460 743 1526 inquit:
802 1472 877 1523 et,
923 1464 939 1491 ⁴
977 1463 1160 1514 Quoad
1222 1466 1609 1530 perspiciamus,

526 1554 642 1603 ‚quo
680 1539 798 1589 loco
835 1540 904 1589 sit
938 1539 1072 1588 res?
1106 1548 1178 1602 et,
1210 1544 1226 1568 ⁸
1256 1542 1471 1593 Meliore
1493 1544 1608 1594 loco

524 1628 623 1665 ses
647 1623 796 1665 erant
809 1614 1040 1679 nostrae,’
1057 1617 1232 1679 paullo
1252 1617 1482 1669 inferius.
1517 1620 1609 1669 Ra·-

538 1705 662 1741 tm.

611 1768 746 1819 Uitru
765 1768 827 1818 ab
847 1768 977 1832 urbe,
997 1771 1122 1819 alter
1141 1786 1171 1819 a
1200 1771 1363 1822 Gallia
1393 1771 1607 1836 obstans]

537 1843 623 1894 Sic
645 1844 814 1894 Varro
838 1847 904 1895 de
927 1860 982 1895 re
1005 1852 1130 1895 rust.
1153 1861 1200 1896 c.
1221 1851 1270 1897 7.
1309 1848 1323 1875 ‘
1351 1848 1607 1913 Quodque

522 1925 661 1971 sunt
697 1934 792 1969 suo
828 1935 1045 1985 quaeque
1080 1921 1195 1972 loco
1220 1923 1407 1986 posita,
1430 1938 1492 1973 ea
1515 1924 1607 1975 mi-

534 2009 633 2045 nus
672 1997 776 2046 loci
819 2004 1098 2060 occupant,
1139 2004 1194 2048 et
1237 1999 1400 2048 minus
1439 1998 1606 2050 officit

496 2073 677 2123 --aliud
700 2073 805 2137 alii,
826 2074 891 2123 ab
913 2074 1050 2137 Sole,
1073 2088 1133 2122 ac
1152 2075 1317 2139 Luna,
1331 2083 1389 2125 et
1411 2074 1606 2127 vento.’

539 2152 701 2201 Ciacc.

516 2270 525 2281 ,
598 2227 662 2277 δι’
694 2227 882 2278 animus
912 2230 1118 2279 maxime
1135 2229 1296 2293 seme]
1331 2229 1395 2279 In
1426 2245 1603 2280 manu-

535 2304 745 2368 scriptis
788 2311 883 2367 est,
915 2306 959 2355 si
995 2307 1202 2355 οηαπίιηε
1239 2306 1427 2355 animus
1449 2306 1606 2369 ferat,

534 2381 715 2430 ordine
750 2396 934 2431 vocum
974 2383 1280 2433 immutato:
1316 2383 1389 2447 id,
1418 2383 1472 2431 ni
1511 2380 1605 2432 fal-

532 2457 635 2520 lor,
654 2458 855 2509 mollius
879 2467 977 2508 est.
1025 2459 1215 2509 Rivius.

603 2533 662 2582 In
686 2533 895 2597 dextris]
948 2534 1187 2584 Imitatur
1222 2533 1452 2583 Sallustii
1477 2534 1603 2585 Cur-

518 2609 654 2673 .tius,
693 2619 751 2662 ut
774 2611 884 2660 aliis
905 2612 956 2660 in
991 2611 1135 2673 locis,
1159 2611 1196 2659 l.
1230 2624 1305 2659 tv.
1330 2611 1406 2658 ita
1444 2610 1605 2675 loqui-

517 2693 654 2739 ‚turz
687 2689 704 2716 ⁶
730 2689 791 2738 In
814 2688 1017 2739 dextris
1042 2688 1247 2751 vestris,
1258 2688 1367 2751 jani
1389 2687 1601 2738 liberta-

536 2770 661 2826 tem,
682 2778 856 2829 opem,
879 2780 1022 2829 spem
1055 2762 1214 2814 futuri
1240 2765 1484 2828 temporis
1517 2780 1602 2829 ge-

514 2840 688 2891 .ritis.’
729 2842 908 2906 Virgil-
933 2843 949 2869 ‘
970 2842 1030 2892 In
1055 2842 1288 2892 manibus
1313 2842 1454 2891 Mars
1471 2841 1603 2906 ipse,

514 2919 677 2969 -viri.'
748 2921 902 2969 Celer.

602 2994 779 3045 Omnia
819 2996 952 3045 nobis
991 2999 1099 3045 tuta
1135 2993 1295 3058 eraut]
1343 2994 1509 3046 Tacit.
1547 2994 1601 3044 in

520 3070 645 3121 ,vita
667 3070 845 3135 Agric.
883 3076 897 3100 ⁸
919 3073 1091 3122 omnia
1112 3085 1276 3135 prona
1299 3071 1602 3133 victoribus,

534 3154 693 3212 atque
717 3148 899 3197 eadem
918 3149 1070 3198 victis
1088 3147 1340 3197 adversa!
1409 3148 1568 3198 Ciaec.

603 3224 900 3274 Commeatum
920 3221 1123 3285 abunde]
1183 3224 1479 3272 Commeatum
1514 3228 1601 3272 no·‘

510 3298 670 3347 ‚mine
692 3299 1050 3364 intelliguntur
1084 3299 1365 3363 praecipue,
1386 3298 1602 3364 cibaria,

533 3387 650 3436 quae
686 3374 754 3423 ad
796 3375 1086 3424 alimoniam
1129 3375 1394 3424 exercitus
1436 3375 1599 3437 perti-

516 3456 681 3514 nent,
711 3465 814 3514 qna
850 3452 902 3499 in
943 3449 1315 3514 significatione
1349 3449 1447 3499 hoc
1483 3449 1600 3500 loco

506 3525 742 3577 -dicitur.
830 3527 1099 3576 Pru-terea
1150 3530 1431 3575 commeatus
1483 3525 1598 3575 dari

533 3598 744 3665 dicitur,
766 3609 824 3651 ut
847 3602 923 3652 ait
953 3602 1155 3665 Festus,
1179 3601 1230 3649 id
1253 3608 1352 3661 est,
1376 3608 1599 3664 tempus,

508 3691 636 3742 .quo
657 3677 734 3726 ire
752 3678 867 3743 quis
890 3678 1164 3742 redireque
1187 3679 1374 3740 possit:
1411 3693 1441 3726 a
1463 3691 1600 3726 com·

530 3754 770 3820 meando,
793 3756 928 3821 quod
953 3755 1086 3804 ultro
1118 3754 1354 3818 citroque
1391 3754 1466 3802 ire
1504 3756 1599 3818 sig-

531 3830 727 3883 nificat.
794 3832 994 3883 Auctor
1029 3833 1095 3882 nd
1134 3832 1458 3882 Herennium
1495 3832 1530 3880 1.
1558 3846 1596 3882 ι.

508 3908 546 3955 .‘
573 3909 646 3958 Ut
676 3909 801 3970 ine:
828 3912 1014 3975 inquit,
1062 3916 1077 3937 ⁸
1104 3910 1190 3974 qui
1213 3909 1277 3958 ad
1302 3909 1437 3957 diem
1461 3922 1599 3958 coni-

506 3992 734 4037 .meatus
770 4001 870 4035 uon
911 3987 1070 4048 veuit,
1106 3985 1243 4049 quod
1286 3999 1402 4033 cum
1446 4000 1596 4049 aquae

528 4064 943 4117 interclusissent
968 4064 1002 4127 3'
1074 4065 1287 4128 aliisque
1342 4064 1397 4111 in
1447 4063 1596 4113 locis.

504 4141 718 4194 -zanctu

597 4217 888 4282 Mania-ipio]
930 4216 1248 4280 Municipes,
1284 4221 1433 4266 erant
1455 4215 1598 4265 cives

532 4303 598 4343 ex
638 4292 931 4358 municipiis
984 4306 1078 4341 suo
1120 4291 1243 4356 jure
1292 4297 1347 4342 et
1400 4290 1599 4355 iegibus

1247 402 1467 454 NOTAE
1513 401 1919 453 VARIORUM
1970 404 2051 453 ΙΝ

1688 553 1918 611 utentes,
1960 548 2192 597 muneris
2249 543 2448 600 tantum
2495 546 2764 601 honorarii

1689 638 1804 673 curn
1831 624 2026 688 populo
2051 624 2284 676 Romano
2319 627 2621 691 participes,
2646 627 2763 676 nul-

1688 699 1749 747 lis
1787 700 2202 765 necessitatibus,
2240 708 2331 751 aut
2368 703 2469 752 alia
2504 704 2641 767 lege,
2675 702 2761 753 vel

1686 773 1884 826 foedere
1907 776 2131 826 astricti.
2201 778 2353 827 Idem.

1755 850 1983 915 Coloniae]
2003 856 2020 881 ⁴
2038 853 2166 902 Post
2183 860 2383 916 septem
2408 868 2588 915 annos,
2603 868 2760 920 quam

1686 927 1824 978 Galli
1843 939 2113 993 ceperunt,
2128 929 2355 980 Sutrium
2377 931 2607 981 deducta
2622 931 2760 981 colo·

1685 1005 1770 1053 nia
1792 1012 1894 1064 est,
1909 1011 1964 1054 et
1985 1015 2102 1070 post
2123 1021 2310 1055 anuum
2329 1007 2531 1069 Setina,
2548 1022 2758 1056 novem-

1689 1095 1787 1144 que
1824 1082 2115 1145 interjectis
2154 1083 2297 1132 annis
2327 1084 2510 1147 Nepet
2565 1082 2758 1133 deinde

1685 1156 2006 1220 interpositis
2041 1157 2244 1207 duobus
2285 1166 2342 1207 et
2378 1158 2616 1221 triginta,
2639 1155 2760 1207 Ari-

1685 1234 1789 1283 cini
1813 1235 1863 1284 in
1883 1234 2148 1285 civitatem
2171 1237 2402 1300 recepti.’
2457 1234 2591 1285 Haec
2615 1235 2757 1285 Vell.

1685 1310 1948 1361 Patercul.
1973 1311 2006 1361 l.
2032 1325 2070 1361 1.
2095 1311 2183 1360 ubi
2224 1311 2542 1360 coloniarum
2566 1311 2756 1360 ducea-

1687 1386 1865 1436 darum
1891 1395 2094 1451 tempus
2126 1384 2314 1436 diffuse
2353 1385 2534 1449 ponit:
2585 1400 2758 1449 coepe-

1687 1472 1808 1513 runt
1830 1473 2011 1529 postea
2028 1473 2082 1514 et
2105 1469 2255 1514 extra
2280 1462 2490 1512 ltaliam
2533 1462 2754 1512 colonioe

1667 1541 1824 1603 duci,
1842 1541 2112 1606 primaque
2148 1546 2300 1590 extra
2319 1539 2529 1589 Italiam
2553 1539 2758 1589 colonia

1686 1616 1946 1680 Carthago
1971 1615 2232 1666 conducta
2271 1622 2370 1679 est,
2408 1623 2468 1664 ut
2507 1613 2754 1665 idem‘eo·

1684 1692 1803 1742 dem
1833 1693 1977 1742 libro
2003 1692 2212 1743 scribit:
2262 1700 2314 1741 et
2339 1691 2756 1742 animadverten-

1663 1768 1806 1818 -dum
1829 1776 1929 1831 est,
1954 1769 2104 1833 plura
2140 1766 2297 1818 fuisse
2321 1781 2512 1831 genera
2533 1767 2755 1817 colonia·

1683 1859 1813 1895 rum.
1903 1845 2144 1919 Namque
2198 1844 2311 1895 aliae
2360 1842 2583 1905 Latinae,
2639 1843 2753 1893 alie

1683 1916 1877 1970 civium
1900 1921 2242 1971 Romanorum
2277 1919 2432 1968 dicte
2463 1926 2607 1978 sunt,
2640 1918 2753 1970 alie

1684 2014 1750 2048 ex
1787 1998 2054 2064 utrisque:
2092 1998 2347 2047 nonnullae
2371 2011 2438 2045 ex
2471 1995 2757 2059 peditibus,

1666 2077 1766 2126 sel
1803 2076 2081 2141 equitibus,
2120 2088 2239 2126 cum
2287 2073 2340 2122 iu
2392 2086 2573 2135 agrum
2621 2072 2753 2122 bello

1679 2161 1908 2215 captum,
1929 2150 2107 2215 stirpis
2126 2147 2375 2213 augendae
2409 2160 2613 2211 caussa,
2636 2147 2751 2198 mit-

1681 2230 1943 2278 tebantur.
2009 2225 2187 2276 Zaach.

1750 2302 1978 2366 Colouiis]
2024 2301 2189 2352 Mori-

1679 2382 1816 2430 niam
1856 2379 2127 2441 ducerent,
2181 2384 2413 2426 aratrum
2463 2375 2752 2426 circumdu-

1679 2473 1816 2521 cere,
1838 2466 1897 2508 ut
1917 2457 2028 2507 Cic.
2055 2462 2292 2506 testatur.

1744 2535 2149 2598 Super-vomitum
2178 2531 2273 2594 est]
2325 2531 2394 2581 Et
2431 2530 2535 2580 hoc
2570 2545 2602 2580 a
2645 2530 2752 2581 De-

1678 2612 1946 2660 mosthene
1970 2610 2151 2659 sumsit
2174 2623 2240 2659 ex
2263 2608 2500 2658 oratione
2531 2606 2639 2671 περὶ
2666 2608 2751 2658 τοῦ

1677 2684 1932 2749 στεφάνου,
1973 2686 2026 2753 in
2073 2700 2177 2752 qua
2215 2684 2375 2734 dixit:
2421 2681 2579 2734 Οὗτος
2623 2684 2664 2734 δ’
2699 2686 2752 2734 ἐκ

1676 2762 1941 2826 περιουσίας
1967 2780 2059 2823 μου
2094 2763 2380 2824 κατηγορεῖς
2415 2776 2533 2828 συξη
2557 2760 2750 2825 signifi-

2227 2306 2346 2350 erat
2385 2299 2471 2363 iis,
2503 2299 2595 2363 qui
2617 2300 2750 2349 colo-

1653 2850 1793 2897 ,catz
1832 2842 2141 2892 Huicautem
2171 2845 2749 2903 supercommune

1658 2932 1909 2967 accusare.
1974 2918 2046 2966 Et
2078 2915 2266 2966 Suidas
2302 2912 2462 2979 περιὸν
2493 2915 2750 2980 iuterpre-

1677 3001 1824 3044 tatur
1846 2991 2166 3058 ὑπερβάλλον.
2235 2992 2502 3042 Manutius.

1742 3070 1852 3119 Illis
1887 3082 2280 3135 supervacaneum
2317 3073 2390 3118 est
2421 3084 2646 3132 pugnare
2662 3084 2749 3134 pro

1670 3162 1809 3210 pauc.
1847 3146 1967 3211 pot]
2018 3147 2137 3215 Hoc
2181 3160 2297 3195 cum
2344 3145 2589 3195 irrisione
2627 3153 2750 3196 tsn-

1676 3239 1825 3288 quam
1842 3224 1893 3272 in
1917 3223 2137 3283 ociosos,
2155 3223 2237 3271 vel
2259 3222 2310 3272 iu
2335 3221 2553 3271 stolidos
2573 3223 2746 3286 potius

1673 3314 1736 3351 ac
1758 3299 2013 3364 stupidos,
2033 3299 2100 3348 ab
2121 3298 2327 3347 homine
2348 3298 2619 3348 Thrasone
2640 3299 2745 3349 dic-

1676 3382 1783 3424 tum
1806 3375 2032 3426 videtur.
2100 3375 2383 3424 Glareanus.

1739 3452 1904 3501 Licuit
1926 3451 2056 3500 vobis
2086 3467 2194 3500 cum
2226 3465 2407 3500 samam
2427 3451 2747 3515 turpitudine,

1672 3527 1779 3590 ξω]
1810 3527 2133 3591 scripturam
2154 3526 2289 3575 hanc
2312 3528 2631 3595 convincunt
2653 3528 2745 3576 fa}-

1675 3605 1737 3665 si,
1773 3618 1874 3652 non
1913 3602 2230 3652 membranas
2270 3602 2443 3665 modo,
2479 3604 2576 3652 sed
2619 3603 2745 3655 editi

1674 3687 1795 3728 ante
1817 3680 2005 3743 Pomp.
2028 3680 2264 3738 Laztum3
2313 3678 2367 3729 in
2392 3678 2581 3743 quibus
2601 3680 2747 3741 fere,

1671 3756 1806 3804 licuit
1841 3756 2002 3803 nobis.-
2035 3761 2090 3804 et
2129 3754 2184 3803 id
2221 3751 2460 3819 profecto
2496 3769 2746 3806 revocan-

1673 3833 1813 3896 dum,
1831 3834 1993 3896 liquet
2014 3845 2079 3882 ex
2097 3846 2161 3881 eo
2179 3831 2316 3894 qnod
2336 3844 2456 3879 mox
2480 3833 2741 3897 sequitur:

1670 3911 1687 3939 ‘
1708 3908 1954 3973 potuistis
1993 3907 2226 3956 nonnulli
2265 3906 2485 3967 Romae,'
2523 3912 2628 3956 «stc.
2679 3922 2743 3957 ne

1671 3986 1839 4036 dicam
1864 3986 2085 4035 alterum
2108 3984 2238 4033 illud
2265 3984 2366 4034 hoc
2390 3984 2510 4033 loco
2535 3984 2744 4035 indeco-

1672 4076 1801 4111 rum.
1871 4062 2128 4110 Gruterus.

1739 4137 1866 4193 Quia
1886 4136 1970 4185 illa
1993 4135 2152 4199 soeda,
2188 4138 2271 4198 ξε.
2294 4135 2395 4183 liaec
2415 4136 2555 4198 sequi
2589 4137 2745 4185 decre-

1668 4211 1827 4275 vistis]
1868 4210 2058 4275 lugens
2078 4211 2162 4261 hic
2185 4208 2466 4260 difficultas
2490 4220 2595 4275 eat,
2619 4211 2737 4277 quid

1672 4303 1765 4353 per
1780 4288 1864 4338 illa
1881 4294 1936 4339 et
1953 4288 2052 4338 kaec
2074 4286 2486 4353 intelligendum.
2513 4289 2734 4343 Quidam
