<?xml version="1.0" encoding="UTF-8"?>
<!DOCTYPE html PUBLIC "-//W3C//DTD XHTML 1.0 Transitional//EN"
    "http://www.w3.org/TR/xhtml1/DTD/xhtml1-transitional.dtd">
<html xmlns="http://www.w3.org/1999/xhtml" xml:lang="en" lang="en">
 <head>
  <title>
</title>
<meta http-equiv="Content-Type" content="text/html;charset=utf-8" />
  <meta name='ocr-system' content='tesseract 3.04.00' />
  <meta name='ocr-capabilities' content='ocr_page ocr_carea ocr_par ocr_line ocrx_word'/>
</head>
<body>
  <div class='ocr_page' id='page_1' title='image "./ccrispisallusti00clergoog_0025.png"; bbox 0 0 2984 4892; ppageno 0'>
   <div class='ocr_carea' id='block_1_1' title="bbox 1190 390 2502 490">
    <p class='ocr_par' dir='ltr' id='par_1_1' title="bbox 1190 390 2502 490">
     <span class='ocr_line' id='line_1_1' title="bbox 1190 390 2502 490; baseline -0.002 -29"><span class='ocrx_word' id='word_1_1' title='bbox 1190 398 1620 467; x_wconf 58' lang='lat' dir='ltr'><strong>summu.</strong></span> <span class='ocrx_word' id='word_1_2' title='bbox 2375 486 2382 490; x_wconf 11' lang='grc' dir='ltr'><strong><em>ἢ</em></strong></span> <span class='ocrx_word' id='word_1_3' title='bbox 2415 390 2502 461; x_wconf 83' lang='lat' dir='ltr'><strong>u</strong></span> 
     </span>
    </p>
   </div>
   <div class='ocr_carea' id='block_1_2' title="bbox 268 553 2636 4242">
    <p class='ocr_par' dir='ltr' id='par_1_2' title="bbox 310 553 2504 642">
     <span class='ocr_line' id='line_1_2' title="bbox 310 553 2504 642; baseline 0 -21"><span class='ocrx_word' id='word_1_4' title='bbox 310 553 573 638; x_wconf 73' lang='lat' dir='ltr'><strong>ingenio</strong></span> <span class='ocrx_word' id='word_1_5' title='bbox 610 560 753 621; x_wconf 85' lang='lat' dir='ltr'><strong>tam</strong></span> <span class='ocrx_word' id='word_1_6' title='bbox 797 555 1089 641; x_wconf 82' lang='lat' dir='ltr'><strong>proclivi</strong></span> <span class='ocrx_word' id='word_1_7' title='bbox 1135 554 1223 622; x_wconf 88' lang='lat' dir='ltr'><strong>ad</strong></span> <span class='ocrx_word' id='word_1_8' title='bbox 1266 559 1503 623; x_wconf 83' lang='lat' dir='ltr'><strong>luxum</strong></span> <span class='ocrx_word' id='word_1_9' title='bbox 1528 557 1676 637; x_wconf 83' lang='lat' dir='ltr'><strong>fuit,</strong></span> <span class='ocrx_word' id='word_1_10' title='bbox 1719 561 1796 622; x_wconf 89' lang='lat' dir='ltr'><strong>ut</strong></span> <span class='ocrx_word' id='word_1_11' title='bbox 1843 561 2186 642; x_wconf 80' lang='lat' dir='ltr'><strong>paternam</strong></span> <span class='ocrx_word' id='word_1_12' title='bbox 2209 555 2504 636; x_wconf 82' lang='lat' dir='ltr'><strong>domum,</strong></span> 
     </span>
    </p>

    <p class='ocr_par' dir='ltr' id='par_1_3' title="bbox 308 657 2504 744">
     <span class='ocr_line' id='line_1_3' title="bbox 308 657 2504 744; baseline 0.001 -21"><span class='ocrx_word' id='word_1_13' title='bbox 308 657 573 723; x_wconf 67' lang='lat' dir='ltr'><strong>vivente</strong></span> <span class='ocrx_word' id='word_1_14' title='bbox 617 657 837 724; x_wconf 83' lang='lat' dir='ltr'><strong>adhuc</strong></span> <span class='ocrx_word' id='word_1_15' title='bbox 880 663 1090 744; x_wconf 81' lang='lat' dir='ltr'><strong>patre,</strong></span> <span class='ocrx_word' id='word_1_16' title='bbox 1148 661 1532 743; x_wconf 85' lang='lat' dir='ltr'><strong>turpissima</strong></span> <span class='ocrx_word' id='word_1_17' title='bbox 1569 660 1822 725; x_wconf 87' lang='lat' dir='ltr'><strong>ratione</strong></span> <span class='ocrx_word' id='word_1_18' title='bbox 1865 659 2165 726; x_wconf 83' lang='lat' dir='ltr'><strong>venalem</strong></span> <span class='ocrx_word' id='word_1_19' title='bbox 2211 659 2504 739; x_wconf 83' lang='lat' dir='ltr'><strong>haberet,</strong></span> 
     </span>
    </p>

    <p class='ocr_par' dir='ltr' id='par_1_4' title="bbox 268 758 2530 2594">
     <span class='ocr_line' id='line_1_4' title="bbox 308 758 2510 848; baseline 0.001 -23"><span class='ocrx_word' id='word_1_20' title='bbox 308 758 488 843; x_wconf 77' lang='lat' dir='ltr'><strong>quod</strong></span> <span class='ocrx_word' id='word_1_21' title='bbox 514 760 617 825; x_wconf 86' lang='lat' dir='ltr'><strong>illi</strong></span> <span class='ocrx_word' id='word_1_22' title='bbox 642 762 812 827; x_wconf 75' lang='lat' dir='ltr'><strong>inter</strong></span> <span class='ocrx_word' id='word_1_23' title='bbox 842 763 980 827; x_wconf 82' lang='lat' dir='ltr'><strong>alia</strong></span> <span class='ocrx_word' id='word_1_24' title='bbox 1008 764 1175 828; x_wconf 84' lang='lat' dir='ltr'><strong>vitia</strong></span> <span class='ocrx_word' id='word_1_25' title='bbox 1203 784 1247 828; x_wconf 84' lang='lat' dir='ltr'><strong>a</strong></span> <span class='ocrx_word' id='word_1_26' title='bbox 1276 762 1379 829; x_wconf 76' lang='lat' dir='ltr'><strong>M.</strong></span> <span class='ocrx_word' id='word_1_27' title='bbox 1411 762 1730 829; x_wconf 77' lang='lat' dir='ltr'><strong>Cicerone</strong></span> <span class='ocrx_word' id='word_1_28' title='bbox 1754 762 2214 848; x_wconf 83' lang='lat' dir='ltr'><strong>exprobratur.</strong></span> <span class='ocrx_word' id='word_1_29' title='bbox 2301 761 2436 828; x_wconf 87' lang='lat' dir='ltr'><strong>Sed</strong></span> <span class='ocrx_word' id='word_1_30' title='bbox 2465 781 2510 827; x_wconf 88' lang='lat' dir='ltr'><strong>a</strong></span> 
     </span>
     <span class='ocr_line' id='line_1_5' title="bbox 306 858 2508 943; baseline 0.002 -19"><span class='ocrx_word' id='word_1_31' title='bbox 306 858 838 931; x_wconf 72' lang='lat' dir='ltr'><strong>Varronec&#39;liam</strong></span> <span class='ocrx_word' id='word_1_32' title='bbox 862 870 934 929; x_wconf 88' lang='lat' dir='ltr'><strong>et</strong></span> <span class='ocrx_word' id='word_1_33' title='bbox 961 862 1187 930; x_wconf 77' lang='lat' dir='ltr'><strong>Gellio</strong></span> <span class='ocrx_word' id='word_1_34' title='bbox 1207 865 1524 933; x_wconf 86' lang='lat' dir='ltr'><strong>traditum</strong></span> <span class='ocrx_word' id='word_1_35' title='bbox 1547 871 1675 943; x_wconf 80' lang='lat' dir='ltr'><strong>est,</strong></span> <span class='ocrx_word' id='word_1_36' title='bbox 1693 864 1976 930; x_wconf 82' lang='lat' dir='ltr'><strong>eundem</strong></span> <span class='ocrx_word' id='word_1_37' title='bbox 1993 864 2207 931; x_wconf 69' lang='lat' dir='ltr'><strong>finisse</strong></span> <span class='ocrx_word' id='word_1_38' title='bbox 2234 863 2508 929; x_wconf 83' lang='lat' dir='ltr'><strong>inadul-</strong></span> 
     </span>
     <span class='ocr_line' id='line_1_6' title="bbox 306 963 2508 1051; baseline 0.001 -22"><span class='ocrx_word' id='word_1_39' title='bbox 306 964 471 1029; x_wconf 66' lang='lat' dir='ltr'><strong>reno</strong></span> <span class='ocrx_word' id='word_1_40' title='bbox 499 963 986 1050; x_wconf 77' lang='lat' dir='ltr'><strong>deprehensum</strong></span> <span class='ocrx_word' id='word_1_41' title='bbox 1034 968 1122 1032; x_wconf 84' lang='lat' dir='ltr'><strong>ab</strong></span> <span class='ocrx_word' id='word_1_42' title='bbox 1168 965 1392 1033; x_wconf 68' lang='lat' dir='ltr'><strong>Annio</strong></span> <span class='ocrx_word' id='word_1_43' title='bbox 1441 967 1719 1047; x_wconf 81' lang='lat' dir='ltr'><strong>Milone,</strong></span> <span class='ocrx_word' id='word_1_44' title='bbox 1764 968 2055 1051; x_wconf 83' lang='lat' dir='ltr'><strong>lorisque</strong></span> <span class='ocrx_word' id='word_1_45' title='bbox 2104 986 2379 1046; x_wconf 82' lang='lat' dir='ltr'><strong>caesum,</strong></span> <span class='ocrx_word' id='word_1_46' title='bbox 2423 986 2508 1032; x_wconf 72' lang='lat' dir='ltr'><strong>ac</strong></span> 
     </span>
     <span class='ocr_line' id='line_1_7' title="bbox 302 1064 2512 1155; baseline 0.002 -24"><span class='ocrx_word' id='word_1_47' title='bbox 302 1064 464 1132; x_wconf 72' lang='lat' dir='ltr'><strong>data</strong></span> <span class='ocrx_word' id='word_1_48' title='bbox 502 1068 794 1150; x_wconf 80' lang='lat' dir='ltr'><strong>pecunia</strong></span> <span class='ocrx_word' id='word_1_49' title='bbox 821 1068 1210 1152; x_wconf 53' lang='lat' dir='ltr'><strong>dimissuram</strong></span> <span class='ocrx_word' id='word_1_50' title='bbox 1257 1090 1392 1155; x_wconf 88' lang='lat' dir='ltr'><strong>qua</strong></span> <span class='ocrx_word' id='word_1_51' title='bbox 1434 1071 1690 1136; x_wconf 87' lang='lat' dir='ltr'><strong>ratione</strong></span> <span class='ocrx_word' id='word_1_52' title='bbox 1710 1069 1959 1136; x_wconf 72' lang='lat' dir='ltr'><strong>sacuam</strong></span> <span class='ocrx_word' id='word_1_53' title='bbox 1986 1075 2113 1148; x_wconf 88' lang='lat' dir='ltr'><strong>est,</strong></span> <span class='ocrx_word' id='word_1_54' title='bbox 2158 1074 2237 1134; x_wconf 92' lang='lat' dir='ltr'><strong>ut</strong></span> <span class='ocrx_word' id='word_1_55' title='bbox 2265 1068 2370 1135; x_wconf 79' lang='lat' dir='ltr'><strong>M.</strong></span> <span class='ocrx_word' id='word_1_56' title='bbox 2396 1067 2512 1135; x_wconf 84' lang='lat' dir='ltr'><strong>Ci-</strong></span> 
     </span>
     <span class='ocr_line' id='line_1_8' title="bbox 302 1171 2510 1255; baseline 0.003 -22"><span class='ocrx_word' id='word_1_57' title='bbox 302 1186 459 1235; x_wconf 69' lang='lat' dir='ltr'><strong>cero</strong></span> <span class='ocrx_word' id='word_1_58' title='bbox 484 1171 827 1255; x_wconf 85' lang='lat' dir='ltr'><strong>appellare</strong></span> <span class='ocrx_word' id='word_1_59' title='bbox 864 1172 1051 1238; x_wconf 78' lang='lat' dir='ltr'><strong>illum</strong></span> <span class='ocrx_word' id='word_1_60' title='bbox 1092 1192 1229 1238; x_wconf 88' lang='lat' dir='ltr'><strong>non</strong></span> <span class='ocrx_word' id='word_1_61' title='bbox 1272 1173 1698 1252; x_wconf 79' lang='lat' dir='ltr'><strong>dubitaverit,</strong></span> <span class='ocrx_word' id='word_1_62' title='bbox 1743 1190 2118 1237; x_wconf 86' lang='lat' dir='ltr'><strong>mensarum</strong></span> <span class='ocrx_word' id='word_1_63' title='bbox 2163 1171 2510 1250; x_wconf 75' lang='lat' dir='ltr'><strong>asseclam,</strong></span> 
     </span>
     <span class='ocr_line' id='line_1_9' title="bbox 304 1272 2512 1359; baseline 0.001 -22"><span class='ocrx_word' id='word_1_64' title='bbox 304 1272 765 1339; x_wconf 73' lang='lat' dir='ltr'><strong>cubiculorum</strong></span> <span class='ocrx_word' id='word_1_65' title='bbox 818 1275 1124 1359; x_wconf 84' lang='lat' dir='ltr'><strong>pellicem</strong></span> <span class='ocrx_word' id='word_1_66' title='bbox 1173 1282 1241 1341; x_wconf 89' lang='lat' dir='ltr'><strong>et</strong></span> <span class='ocrx_word' id='word_1_67' title='bbox 1286 1276 1683 1341; x_wconf 78' lang='lat' dir='ltr'><strong>adulterum.</strong></span> <span class='ocrx_word' id='word_1_68' title='bbox 1785 1274 2155 1359; x_wconf 78' lang='lat' dir='ltr'><strong>Dignitates</strong></span> <span class='ocrx_word' id='word_1_69' title='bbox 2203 1273 2512 1358; x_wconf 81' lang='lat' dir='ltr'><strong>publicas</strong></span> 
     </span>
     <span class='ocr_line' id='line_1_10' title="bbox 306 1377 2512 1463; baseline 0.001 -23"><span class='ocrx_word' id='word_1_70' title='bbox 306 1377 537 1457; x_wconf 73' lang='lat' dir='ltr'><strong>gessit,</strong></span> <span class='ocrx_word' id='word_1_71' title='bbox 590 1385 657 1442; x_wconf 80' lang='lat' dir='ltr'><strong>et</strong></span> <span class='ocrx_word' id='word_1_72' title='bbox 700 1385 1087 1463; x_wconf 72' lang='lat' dir='ltr'><strong>quaesturae,</strong></span> <span class='ocrx_word' id='word_1_73' title='bbox 1135 1386 1203 1444; x_wconf 92' lang='lat' dir='ltr'><strong>et</strong></span> <span class='ocrx_word' id='word_1_74' title='bbox 1240 1379 1611 1445; x_wconf 74' lang='lat' dir='ltr'><strong>tribunatus</strong></span> <span class='ocrx_word' id='word_1_75' title='bbox 1650 1378 2340 1443; x_wconf 72' lang='lat' dir='ltr'><strong>honoremasseeutus</strong></span> <span class='ocrx_word' id='word_1_76' title='bbox 2386 1383 2512 1454; x_wconf 80' lang='lat' dir='ltr'><strong>est,</strong></span> 
     </span>
     <span class='ocr_line' id='line_1_11' title="bbox 308 1475 2516 1565; baseline 0.001 -24"><span class='ocrx_word' id='word_1_77' title='bbox 308 1475 427 1541; x_wconf 72' lang='lat' dir='ltr'><strong>aed</strong></span> <span class='ocrx_word' id='word_1_78' title='bbox 455 1479 649 1545; x_wconf 84' lang='lat' dir='ltr'><strong>nulla</strong></span> <span class='ocrx_word' id='word_1_79' title='bbox 673 1481 947 1565; x_wconf 85' lang='lat' dir='ltr'><strong>quidem</strong></span> <span class='ocrx_word' id='word_1_80' title='bbox 980 1482 1202 1560; x_wconf 84' lang='lat' dir='ltr'><strong>laude,</strong></span> <span class='ocrx_word' id='word_1_81' title='bbox 1245 1487 1366 1547; x_wconf 86' lang='lat' dir='ltr'><strong>aut</strong></span> <span class='ocrx_word' id='word_1_82' title='bbox 1391 1477 1979 1556; x_wconf 83' lang='lat' dir='ltr'><strong>commendatione,</strong></span> <span class='ocrx_word' id='word_1_83' title='bbox 2026 1477 2197 1543; x_wconf 81' lang='lat' dir='ltr'><strong>adeo</strong></span> <span class='ocrx_word' id='word_1_84' title='bbox 2224 1478 2516 1543; x_wconf 83' lang='lat' dir='ltr'><strong>lubidine</strong></span> 
     </span>
     <span class='ocr_line' id='line_1_12' title="bbox 312 1581 2519 1669; baseline 0.001 -26"><span class='ocrx_word' id='word_1_85' title='bbox 312 1581 554 1663; x_wconf 78' lang='lat' dir='ltr'><strong>magis,</strong></span> <span class='ocrx_word' id='word_1_86' title='bbox 601 1602 805 1668; x_wconf 81' lang='lat' dir='ltr'><strong>quam</strong></span> <span class='ocrx_word' id='word_1_87' title='bbox 830 1583 1108 1664; x_wconf 87' lang='lat' dir='ltr'><strong>ratione,</strong></span> <span class='ocrx_word' id='word_1_88' title='bbox 1154 1590 1222 1649; x_wconf 92' lang='lat' dir='ltr'><strong>et</strong></span> <span class='ocrx_word' id='word_1_89' title='bbox 1266 1584 1536 1669; x_wconf 81' lang='lat' dir='ltr'><strong>publice</strong></span> <span class='ocrx_word' id='word_1_90' title='bbox 1561 1586 1631 1647; x_wconf 88' lang='lat' dir='ltr'><strong>et</strong></span> <span class='ocrx_word' id='word_1_91' title='bbox 1678 1581 1994 1666; x_wconf 84' lang='lat' dir='ltr'><strong>privatim</strong></span> <span class='ocrx_word' id='word_1_92' title='bbox 2017 1581 2226 1646; x_wconf 78' lang='lat' dir='ltr'><strong>vixit:</strong></span> <span class='ocrx_word' id='word_1_93' title='bbox 2270 1599 2424 1645; x_wconf 87' lang='lat' dir='ltr'><strong>nam</strong></span> <span class='ocrx_word' id='word_1_94' title='bbox 2450 1585 2519 1645; x_wconf 89' lang='lat' dir='ltr'><strong>et</strong></span> 
     </span>
     <span class='ocr_line' id='line_1_13' title="bbox 311 1680 2522 1768; baseline 0 -22"><span class='ocrx_word' id='word_1_95' title='bbox 311 1680 397 1746; x_wconf 77' lang='lat' dir='ltr'><strong>ad</strong></span> <span class='ocrx_word' id='word_1_96' title='bbox 430 1683 749 1766; x_wconf 81' lang='lat' dir='ltr'><strong>judicum</strong></span> <span class='ocrx_word' id='word_1_97' title='bbox 778 1687 1096 1752; x_wconf 79' lang='lat' dir='ltr'><strong>subsellia</strong></span> <span class='ocrx_word' id='word_1_98' title='bbox 1124 1688 1516 1762; x_wconf 75' lang='lat' dir='ltr'><strong>absuactus,</strong></span> <span class='ocrx_word' id='word_1_99' title='bbox 1561 1681 1826 1749; x_wconf 83' lang='lat' dir='ltr'><strong>fortuna</strong></span> <span class='ocrx_word' id='word_1_100' title='bbox 1852 1690 2149 1749; x_wconf 78' lang='lat' dir='ltr'><strong>extrema</strong></span> <span class='ocrx_word' id='word_1_101' title='bbox 2170 1681 2278 1768; x_wconf 84' lang='lat' dir='ltr'><strong>(ut</strong></span> <span class='ocrx_word' id='word_1_102' title='bbox 2302 1682 2522 1765; x_wconf 88' lang='lat' dir='ltr'><strong>inquit</strong></span> 
     </span>
     <span class='ocr_line' id='line_1_14' title="bbox 312 1776 2523 1869; baseline 0 -21"><span class='ocrx_word' id='word_1_103' title='bbox 312 1781 593 1869; x_wconf 82' lang='lat' dir='ltr'><strong>Cioero)</strong></span> <span class='ocrx_word' id='word_1_104' title='bbox 638 1786 841 1854; x_wconf 83' lang='lat' dir='ltr'><strong>stetit.</strong></span> <span class='ocrx_word' id='word_1_105' title='bbox 931 1776 1255 1854; x_wconf 62' lang='lat' dir='ltr'><strong>Scribunt&#39;</strong></span> <span class='ocrx_word' id='word_1_106' title='bbox 1285 1792 1512 1853; x_wconf 85' lang='lat' dir='ltr'><strong>autem</strong></span> <span class='ocrx_word' id='word_1_107' title='bbox 1561 1786 1998 1869; x_wconf 76' lang='lat' dir='ltr'><strong>grammatici,</strong></span> <span class='ocrx_word' id='word_1_108' title='bbox 2049 1804 2135 1850; x_wconf 88' lang='lat' dir='ltr'><strong>ea</strong></span> <span class='ocrx_word' id='word_1_109' title='bbox 2175 1784 2261 1849; x_wconf 84' lang='lat' dir='ltr'><strong>de</strong></span> <span class='ocrx_word' id='word_1_110' title='bbox 2312 1803 2523 1849; x_wconf 82' lang='lat' dir='ltr'><strong>causa</strong></span> 
     </span>
     <span class='ocr_line' id='line_1_15' title="bbox 268 1885 2521 1973; baseline -0.002 -16"><span class='ocrx_word' id='word_1_111' title='bbox 268 1946 283 1957; x_wconf 89' lang='lat'><strong>.</strong></span> <span class='ocrx_word' id='word_1_112' title='bbox 311 1892 547 1952; x_wconf 65' lang='lat' dir='ltr'><strong>natatu</strong></span> <span class='ocrx_word' id='word_1_113' title='bbox 601 1887 890 1972; x_wconf 86' lang='lat' dir='ltr'><strong>ejectum</strong></span> <span class='ocrx_word' id='word_1_114' title='bbox 936 1891 1146 1957; x_wconf 77' lang='lat' dir='ltr'><strong>fuisse</strong></span> <span class='ocrx_word' id='word_1_115' title='bbox 1174 1911 1219 1958; x_wconf 90' lang='lat' dir='ltr'><strong>a</strong></span> <span class='ocrx_word' id='word_1_116' title='bbox 1260 1890 1694 1970; x_wconf 71' lang='lat' dir='ltr'><strong>censoribus,</strong></span> <span class='ocrx_word' id='word_1_117' title='bbox 1725 1887 1906 1973; x_wconf 91' lang='lat' dir='ltr'><strong>quod</strong></span> <span class='ocrx_word' id='word_1_118' title='bbox 1953 1889 2199 1972; x_wconf 84' lang='lat' dir='ltr'><strong>ingenti</strong></span> <span class='ocrx_word' id='word_1_119' title='bbox 2246 1885 2521 1953; x_wconf 80' lang='lat' dir='ltr'><strong>libidine</strong></span> 
     </span>
     <span class='ocr_line' id='line_1_16' title="bbox 312 1989 2524 2077; baseline 0 -23"><span class='ocrx_word' id='word_1_120' title='bbox 312 1994 654 2056; x_wconf 69' lang='lat' dir='ltr'><strong>matronas</strong></span> <span class='ocrx_word' id='word_1_121' title='bbox 682 1999 1188 2060; x_wconf 76' lang='lat' dir='ltr'><strong>comectaremr.</strong></span> <span class='ocrx_word' id='word_1_122' title='bbox 1274 1993 1454 2059; x_wconf 80' lang='lat' dir='ltr'><strong>Illud</strong></span> <span class='ocrx_word' id='word_1_123' title='bbox 1494 2011 1760 2077; x_wconf 84' lang='lat' dir='ltr'><strong>quoque</strong></span> <span class='ocrx_word' id='word_1_124' title='bbox 1787 1991 1872 2056; x_wconf 91' lang='lat' dir='ltr'><strong>de</strong></span> <span class='ocrx_word' id='word_1_125' title='bbox 1899 1990 2220 2055; x_wconf 73' lang='lat' dir='ltr'><strong>Sallustio</strong></span> <span class='ocrx_word' id='word_1_126' title='bbox 2246 1989 2524 2065; x_wconf 69' lang='lat' dir='ltr'><strong>relatum</strong></span> 
     </span>
     <span class='ocr_line' id='line_1_17' title="bbox 315 2092 2522 2177; baseline -0 -17"><span class='ocrx_word' id='word_1_127' title='bbox 315 2097 439 2170; x_wconf 59' lang='lat' dir='ltr'><strong>cd,</strong></span> <span class='ocrx_word' id='word_1_128' title='bbox 466 2095 847 2177; x_wconf 67' lang='lat' dir='ltr'><strong>patrocinio</strong></span> <span class='ocrx_word' id='word_1_129' title='bbox 876 2104 945 2161; x_wconf 89' lang='lat' dir='ltr'><strong>et</strong></span> <span class='ocrx_word' id='word_1_130' title='bbox 968 2098 1196 2162; x_wconf 78' lang='lat' dir='ltr'><strong>favore</strong></span> <span class='ocrx_word' id='word_1_131' title='bbox 1225 2094 1306 2162; x_wconf 92' lang='lat' dir='ltr'><strong>C.</strong></span> <span class='ocrx_word' id='word_1_132' title='bbox 1337 2094 1632 2162; x_wconf 70' lang='lat' dir='ltr'><strong>Coesaris</strong></span> <span class='ocrx_word' id='word_1_133' title='bbox 1659 2102 2082 2159; x_wconf 84' lang='lat' dir='ltr'><strong>consecutum</strong></span> <span class='ocrx_word' id='word_1_134' title='bbox 2105 2092 2319 2157; x_wconf 82' lang='lat' dir='ltr'><strong>fuisse</strong></span> <span class='ocrx_word' id='word_1_135' title='bbox 2347 2108 2522 2177; x_wconf 80' lang='lat' dir='ltr'><strong>prae·</strong></span> 
     </span>
     <span class='ocr_line' id='line_1_18' title="bbox 315 2193 2526 2284; baseline 0 -24"><span class='ocrx_word' id='word_1_136' title='bbox 315 2200 557 2261; x_wconf 68' lang='lat' dir='ltr'><strong>tuam</strong></span> <span class='ocrx_word' id='word_1_137' title='bbox 562 2196 819 2264; x_wconf 79' lang='lat' dir='ltr'><strong>Africae</strong></span> <span class='ocrx_word' id='word_1_138' title='bbox 845 2200 1189 2279; x_wconf 81' lang='lat' dir='ltr'><strong>inferioris,</strong></span> <span class='ocrx_word' id='word_1_139' title='bbox 1230 2219 1320 2265; x_wconf 77' lang='lat' dir='ltr'><strong>ex</strong></span> <span class='ocrx_word' id='word_1_140' title='bbox 1344 2219 1484 2284; x_wconf 88' lang='lat' dir='ltr'><strong>qua</strong></span> <span class='ocrx_word' id='word_1_141' title='bbox 1509 2198 1702 2263; x_wconf 78' lang='lat' dir='ltr'><strong>dives</strong></span> <span class='ocrx_word' id='word_1_142' title='bbox 1729 2196 1968 2274; x_wconf 56' lang='lat' dir='ltr'><strong>factus»,</strong></span> <span class='ocrx_word' id='word_1_143' title='bbox 1997 2215 2150 2261; x_wconf 89' lang='lat' dir='ltr'><strong>cum</strong></span> <span class='ocrx_word' id='word_1_144' title='bbox 2174 2195 2246 2259; x_wconf 86' lang='lat' dir='ltr'><strong>in</strong></span> <span class='ocrx_word' id='word_1_145' title='bbox 2274 2193 2526 2260; x_wconf 86' lang='lat' dir='ltr'><strong>Urbem</strong></span> 
     </span>
     <span class='ocr_line' id='line_1_19' title="bbox 316 2296 2524 2400; baseline -0 -38"><span class='ocrx_word' id='word_1_146' title='bbox 316 2298 581 2379; x_wconf 70' lang='lat' dir='ltr'><strong>mlii-et,</strong></span> <span class='ocrx_word' id='word_1_147' title='bbox 610 2303 1135 2400; x_wconf 76' lang='lat' dir='ltr'><strong>pretiosissimos</strong></span> <span class='ocrx_word' id='word_1_148' title='bbox 1160 2303 1436 2368; x_wconf 85' lang='lat' dir='ltr'><strong>hortos</strong></span> <span class='ocrx_word' id='word_1_149' title='bbox 1415 2321 1487 2366; x_wconf 88' lang='grc' dir='ltr'><strong>ιιι</strong></span> <span class='ocrx_word' id='word_1_150' title='bbox 1507 2301 1770 2385; x_wconf 84' lang='lat' dir='ltr'><strong>regione</strong></span> <span class='ocrx_word' id='word_1_151' title='bbox 1795 2298 1881 2362; x_wconf 83' lang='lat' dir='ltr'><strong>ad</strong></span> <span class='ocrx_word' id='word_1_152' title='bbox 1913 2296 2172 2362; x_wconf 82' lang='lat' dir='ltr'><strong>Malum</strong></span> <span class='ocrx_word' id='word_1_153' title='bbox 2198 2296 2524 2362; x_wconf 86' lang='lat' dir='ltr'><strong>Punicum</strong></span> 
     </span>
     <span class='ocr_line' id='line_1_20' title="bbox 320 2399 2530 2489; baseline -0.001 -23"><span class='ocrx_word' id='word_1_154' title='bbox 320 2404 761 2486; x_wconf 71' lang='lat' dir='ltr'><strong>conparavit,</strong></span> <span class='ocrx_word' id='word_1_155' title='bbox 811 2425 892 2471; x_wconf 89' lang='lat' dir='ltr'><strong>ac</strong></span> <span class='ocrx_word' id='word_1_156' title='bbox 940 2405 1205 2472; x_wconf 82' lang='lat' dir='ltr'><strong>Tiburti</strong></span> <span class='ocrx_word' id='word_1_157' title='bbox 1234 2407 1488 2485; x_wconf 78' lang='lat' dir='ltr'><strong>villam,</strong></span> <span class='ocrx_word' id='word_1_158' title='bbox 1538 2424 1702 2489; x_wconf 77' lang='lat' dir='ltr'><strong>quae</strong></span> <span class='ocrx_word' id='word_1_159' title='bbox 1726 2422 1771 2468; x_wconf 86' lang='lat' dir='ltr'><strong>a</strong></span> <span class='ocrx_word' id='word_1_160' title='bbox 1809 2400 2130 2467; x_wconf 79' lang='lat' dir='ltr'><strong>Cicerone</strong></span> <span class='ocrx_word' id='word_1_161' title='bbox 2155 2400 2386 2466; x_wconf 83' lang='lat' dir='ltr'><strong>itidem</strong></span> <span class='ocrx_word' id='word_1_162' title='bbox 2428 2399 2530 2465; x_wconf 89' lang='lat' dir='ltr'><strong>illi</strong></span> 
     </span>
     <span class='ocr_line' id='line_1_21' title="bbox 320 2501 2528 2594; baseline -0 -25"><span class='ocrx_word' id='word_1_163' title='bbox 320 2502 751 2588; x_wconf 76' lang='lat' dir='ltr'><strong>objicimtur.</strong></span> <span class='ocrx_word' id='word_1_164' title='bbox 842 2506 1081 2593; x_wconf 84' lang='lat' dir='ltr'><strong>Neque</strong></span> <span class='ocrx_word' id='word_1_165' title='bbox 1104 2507 1363 2588; x_wconf 79' lang='lat' dir='ltr'><strong>desunt,</strong></span> <span class='ocrx_word' id='word_1_166' title='bbox 1396 2509 1513 2594; x_wconf 87' lang='lat' dir='ltr'><strong>qui</strong></span> <span class='ocrx_word' id='word_1_167' title='bbox 1540 2507 1831 2571; x_wconf 79' lang='lat' dir='ltr'><strong>scribant</strong></span> <span class='ocrx_word' id='word_1_168' title='bbox 1856 2504 2238 2570; x_wconf 82' lang='lat' dir='ltr'><strong>Terentiam</strong></span> <span class='ocrx_word' id='word_1_169' title='bbox 2282 2502 2384 2569; x_wconf 85' lang='lat' dir='ltr'><strong>M.</strong></span> <span class='ocrx_word' id='word_1_170' title='bbox 2413 2501 2528 2568; x_wconf 90' lang='lat' dir='ltr'><strong>Ci-</strong></span> 
     </span>
    </p>

    <p class='ocr_par' dir='ltr' id='par_1_5' title="bbox 320 2606 2544 3722">
     <span class='ocr_line' id='line_1_22' title="bbox 320 2606 2528 2696; baseline -0 -26"><span class='ocrx_word' id='word_1_171' title='bbox 320 2609 582 2672; x_wconf 67' lang='lat' dir='ltr'><strong>ceronis</strong></span> <span class='ocrx_word' id='word_1_172' title='bbox 632 2628 910 2675; x_wconf 77' lang='lat' dir='ltr'><strong>uxorem</strong></span> <span class='ocrx_word' id='word_1_173' title='bbox 955 2613 1045 2675; x_wconf 86' lang='lat' dir='ltr'><strong>ab</strong></span> <span class='ocrx_word' id='word_1_174' title='bbox 1083 2628 1167 2675; x_wconf 92' lang='lat' dir='ltr'><strong>eo</strong></span> <span class='ocrx_word' id='word_1_175' title='bbox 1207 2611 1650 2696; x_wconf 83' lang='lat' dir='ltr'><strong>repudiatam,</strong></span> <span class='ocrx_word' id='word_1_176' title='bbox 1704 2608 2017 2672; x_wconf 83' lang='lat' dir='ltr'><strong>Sallustio</strong></span> <span class='ocrx_word' id='word_1_177' title='bbox 2067 2606 2393 2691; x_wconf 83' lang='lat' dir='ltr'><strong>nupsisse,</strong></span> <span class='ocrx_word' id='word_1_178' title='bbox 2446 2625 2528 2670; x_wconf 90' lang='lat' dir='ltr'><strong>ac</strong></span> 
     </span>
     <span class='ocr_line' id='line_1_23' title="bbox 320 2705 2529 2795; baseline 0.001 -23"><span class='ocrx_word' id='word_1_179' title='bbox 320 2705 638 2795; x_wconf 72' lang='lat' dir='ltr'><strong>deinceps</strong></span> <span class='ocrx_word' id='word_1_180' title='bbox 667 2710 985 2780; x_wconf 73' lang='lat' dir='ltr'><strong>Messalae</strong></span> <span class='ocrx_word' id='word_1_181' title='bbox 1029 2712 1343 2791; x_wconf 88' lang='lat' dir='ltr'><strong>Corvino,</strong></span> <span class='ocrx_word' id='word_1_182' title='bbox 1394 2713 1544 2776; x_wconf 81' lang='lat' dir='ltr'><strong>viro</strong></span> <span class='ocrx_word' id='word_1_183' title='bbox 1587 2709 1662 2773; x_wconf 85' lang='lat' dir='ltr'><strong>in</strong></span> <span class='ocrx_word' id='word_1_184' title='bbox 1699 2709 2079 2793; x_wconf 85' lang='lat' dir='ltr'><strong>eloquentia</strong></span> <span class='ocrx_word' id='word_1_185' title='bbox 2123 2708 2529 2774; x_wconf 83' lang='lat' dir='ltr'><strong>clarissimo:</strong></span> 
     </span>
     <span class='ocr_line' id='line_1_24' title="bbox 321 2809 2530 2900; baseline 0 -23"><span class='ocrx_word' id='word_1_186' title='bbox 321 2811 503 2895; x_wconf 85' lang='lat' dir='ltr'><strong>quod</strong></span> <span class='ocrx_word' id='word_1_187' title='bbox 558 2816 765 2879; x_wconf 75' lang='lat' dir='ltr'><strong>etiam</strong></span> <span class='ocrx_word' id='word_1_188' title='bbox 816 2834 941 2882; x_wconf 85' lang='lat' dir='ltr'><strong>suo</strong></span> <span class='ocrx_word' id='word_1_189' title='bbox 997 2817 1147 2882; x_wconf 88' lang='lat' dir='ltr'><strong>loco</strong></span> <span class='ocrx_word' id='word_1_190' title='bbox 1205 2815 1617 2900; x_wconf 81' lang='lat' dir='ltr'><strong>scripsimus.</strong></span> <span class='ocrx_word' id='word_1_191' title='bbox 1717 2811 2082 2876; x_wconf 86' lang='lat' dir='ltr'><strong>Sciendum</strong></span> <span class='ocrx_word' id='word_1_192' title='bbox 2136 2816 2264 2890; x_wconf 87' lang='lat' dir='ltr'><strong>est,</strong></span> <span class='ocrx_word' id='word_1_193' title='bbox 2318 2809 2530 2877; x_wconf 79' lang='lat' dir='ltr'><strong>fuisse</strong></span> 
     </span>
     <span class='ocr_line' id='line_1_25' title="bbox 322 2913 2535 2999; baseline -0 -19"><span class='ocrx_word' id='word_1_194' title='bbox 322 2915 547 2999; x_wconf 76' lang='lat' dir='ltr'><strong>plures</strong></span> <span class='ocrx_word' id='word_1_195' title='bbox 576 2916 969 2986; x_wconf 83' lang='lat' dir='ltr'><strong>Sallustios:</strong></span> <span class='ocrx_word' id='word_1_196' title='bbox 1013 2940 1167 2985; x_wconf 83' lang='lat' dir='ltr'><strong>nam</strong></span> <span class='ocrx_word' id='word_1_197' title='bbox 1195 2925 1263 2983; x_wconf 81' lang='lat' dir='ltr'><strong>et</strong></span> <span class='ocrx_word' id='word_1_198' title='bbox 1307 2917 1531 2983; x_wconf 77' lang='lat' dir='ltr'><strong>Gneus</strong></span> <span class='ocrx_word' id='word_1_199' title='bbox 1561 2937 1605 2982; x_wconf 89' lang='lat' dir='ltr'><strong>a</strong></span> <span class='ocrx_word' id='word_1_200' title='bbox 1637 2916 1739 2980; x_wconf 77' lang='lat' dir='ltr'><strong>M.</strong></span> <span class='ocrx_word' id='word_1_201' title='bbox 1778 2913 2006 2979; x_wconf 88' lang='lat' dir='ltr'><strong>Tullio</strong></span> <span class='ocrx_word' id='word_1_202' title='bbox 2031 2914 2419 2992; x_wconf 85' lang='lat' dir='ltr'><strong>celebratur,</strong></span> <span class='ocrx_word' id='word_1_203' title='bbox 2463 2915 2535 2979; x_wconf 88' lang='lat' dir='ltr'><strong>in</strong></span> 
     </span>
     <span class='ocr_line' id='line_1_26' title="bbox 328 3015 2536 3105; baseline -0.001 -23"><span class='ocrx_word' id='word_1_204' title='bbox 328 3017 804 3085; x_wconf 77' lang='lat' dir='ltr'><strong>sallustiorum</strong></span> <span class='ocrx_word' id='word_1_205' title='bbox 832 3021 1083 3087; x_wconf 79' lang='lat' dir='ltr'><strong>familia</strong></span> <span class='ocrx_word' id='word_1_206' title='bbox 1106 3023 1411 3105; x_wconf 62' lang='lat' dir='ltr'><strong>insignis),</strong></span> <span class='ocrx_word' id='word_1_207' title='bbox 1456 3029 1526 3086; x_wconf 84' lang='lat' dir='ltr'><strong>et</strong></span> <span class='ocrx_word' id='word_1_208' title='bbox 1555 3019 1658 3085; x_wconf 84' lang='lat' dir='ltr'><strong>M.</strong></span> <span class='ocrx_word' id='word_1_209' title='bbox 1689 3017 2021 3096; x_wconf 81' lang='lat' dir='ltr'><strong>Ciceroni,</strong></span> <span class='ocrx_word' id='word_1_210' title='bbox 2052 3036 2135 3082; x_wconf 89' lang='lat' dir='ltr'><strong>ac</strong></span> <span class='ocrx_word' id='word_1_211' title='bbox 2165 3015 2288 3081; x_wconf 91' lang='lat' dir='ltr'><strong>Cn.</strong></span> <span class='ocrx_word' id='word_1_212' title='bbox 2331 3016 2536 3082; x_wconf 91' lang='lat' dir='ltr'><strong>Pom-</strong></span> 
     </span>
     <span class='ocr_line' id='line_1_27' title="bbox 328 3120 2535 3206; baseline -0 -20"><span class='ocrx_word' id='word_1_213' title='bbox 328 3122 487 3203; x_wconf 74' lang='lat' dir='ltr'><strong>peio</strong></span> <span class='ocrx_word' id='word_1_214' title='bbox 534 3124 837 3188; x_wconf 76' lang='lat' dir='ltr'><strong>maxime</strong></span> <span class='ocrx_word' id='word_1_215' title='bbox 882 3124 1268 3190; x_wconf 75' lang='lat' dir='ltr'><strong>l&#39;amiliaris:</strong></span> <span class='ocrx_word' id='word_1_216' title='bbox 1334 3123 1516 3206; x_wconf 90' lang='lat' dir='ltr'><strong>quod</strong></span> <span class='ocrx_word' id='word_1_217' title='bbox 1567 3142 1658 3187; x_wconf 80' lang='lat' dir='ltr'><strong>ex</strong></span> <span class='ocrx_word' id='word_1_218' title='bbox 1706 3122 1792 3186; x_wconf 85' lang='lat' dir='ltr'><strong>iis</strong></span> <span class='ocrx_word' id='word_1_219' title='bbox 1838 3121 2136 3205; x_wconf 79' lang='lat' dir='ltr'><strong>epistolis</strong></span> <span class='ocrx_word' id='word_1_220' title='bbox 2183 3120 2535 3203; x_wconf 87' lang='lat' dir='ltr'><strong>colligitur,</strong></span> 
     </span>
     <span class='ocr_line' id='line_1_28' title="bbox 330 3224 2538 3311; baseline -0.002 -21"><span class='ocrx_word' id='word_1_221' title='bbox 330 3242 504 3309; x_wconf 72' lang='lat' dir='ltr'><strong>quus</strong></span> <span class='ocrx_word' id='word_1_222' title='bbox 559 3224 799 3292; x_wconf 83' lang='lat' dir='ltr'><strong>Cicero</strong></span> <span class='ocrx_word' id='word_1_223' title='bbox 854 3226 944 3292; x_wconf 89' lang='lat' dir='ltr'><strong>ad</strong></span> <span class='ocrx_word' id='word_1_224' title='bbox 995 3227 1437 3311; x_wconf 86' lang='lat' dir='ltr'><strong>Pomponium</strong></span> <span class='ocrx_word' id='word_1_225' title='bbox 1489 3224 1789 3291; x_wconf 84' lang='lat' dir='ltr'><strong>Atticum</strong></span> <span class='ocrx_word' id='word_1_226' title='bbox 1838 3224 2102 3287; x_wconf 87' lang='lat' dir='ltr'><strong>scribit:</strong></span> <span class='ocrx_word' id='word_1_227' title='bbox 2167 3244 2300 3307; x_wconf 87' lang='lat' dir='ltr'><strong>qua</strong></span> <span class='ocrx_word' id='word_1_228' title='bbox 2344 3224 2416 3287; x_wconf 91' lang='lat' dir='ltr'><strong>in</strong></span> <span class='ocrx_word' id='word_1_229' title='bbox 2465 3242 2538 3287; x_wconf 89' lang='lat' dir='ltr'><strong>re</strong></span> 
     </span>
     <span class='ocr_line' id='line_1_29' title="bbox 330 3324 2541 3415; baseline -0.001 -22"><span class='ocrx_word' id='word_1_230' title='bbox 330 3326 777 3412; x_wconf 76' lang='lat' dir='ltr'><strong>imprudenter</strong></span> <span class='ocrx_word' id='word_1_231' title='bbox 825 3329 1096 3415; x_wconf 86' lang='lat' dir='ltr'><strong>quidam</strong></span> <span class='ocrx_word' id='word_1_232' title='bbox 1124 3329 1390 3412; x_wconf 87' lang='lat' dir='ltr'><strong>decepti</strong></span> <span class='ocrx_word' id='word_1_233' title='bbox 1431 3335 1608 3406; x_wconf 84' lang='lat' dir='ltr'><strong>sunt,</strong></span> <span class='ocrx_word' id='word_1_234' title='bbox 1662 3346 1816 3392; x_wconf 90' lang='lat' dir='ltr'><strong>cum</strong></span> <span class='ocrx_word' id='word_1_235' title='bbox 1863 3324 2164 3390; x_wconf 83' lang='lat' dir='ltr'><strong>Sallustii</strong></span> <span class='ocrx_word' id='word_1_236' title='bbox 2209 3324 2541 3409; x_wconf 86' lang='lat' dir='ltr'><strong>Empedo-</strong></span> 
     </span>
     <span class='ocr_line' id='line_1_30' title="bbox 334 3427 2542 3514; baseline -0.001 -19"><span class='ocrx_word' id='word_1_237' title='bbox 334 3430 481 3495; x_wconf 69' lang='grc' dir='ltr'><strong>ἀει</strong></span> <span class='ocrx_word' id='word_1_238' title='bbox 502 3431 898 3514; x_wconf 68' lang='lat' dir='ltr'><strong>ignorarent,</strong></span> <span class='ocrx_word' id='word_1_239' title='bbox 927 3435 1003 3496; x_wconf 89' lang='lat' dir='ltr'><strong>ut</strong></span> <span class='ocrx_word' id='word_1_240' title='bbox 1031 3432 1192 3498; x_wconf 87' lang='lat' dir='ltr'><strong>alibi</strong></span> <span class='ocrx_word' id='word_1_241' title='bbox 1223 3430 1689 3495; x_wconf 87' lang='lat' dir='ltr'><strong>demonstravi.</strong></span> <span class='ocrx_word' id='word_1_242' title='bbox 1766 3427 1959 3506; x_wconf 86' lang='lat' dir='ltr'><strong>Sunt,</strong></span> <span class='ocrx_word' id='word_1_243' title='bbox 1989 3428 2105 3512; x_wconf 87' lang='lat' dir='ltr'><strong>qui</strong></span> <span class='ocrx_word' id='word_1_244' title='bbox 2132 3427 2420 3507; x_wconf 87' lang='lat' dir='ltr'><strong>tradant,</strong></span> <span class='ocrx_word' id='word_1_245' title='bbox 2450 3427 2542 3493; x_wconf 86' lang='lat' dir='ltr'><strong>ad</strong></span> 
     </span>
     <span class='ocr_line' id='line_1_31' title="bbox 336 3531 2544 3615; baseline 0 -18"><span class='ocrx_word' id='word_1_246' title='bbox 336 3533 1105 3600; x_wconf 48' lang='lat' dir='ltr'><strong>*secundm-et</strong></span> <span class='ocrx_word' id='word_1_247' title='bbox 1161 3550 1288 3598; x_wconf 64' lang='lat' dir='ltr'><strong>cx.</strong></span> <span class='ocrx_word' id='word_1_248' title='bbox 1334 3553 1484 3598; x_wconf 88' lang='lat' dir='ltr'><strong>eum</strong></span> <span class='ocrx_word' id='word_1_249' title='bbox 1531 3533 1812 3609; x_wconf 75' lang='lat' dir='ltr'><strong>vixisse,</strong></span> <span class='ocrx_word' id='word_1_250' title='bbox 1865 3531 2544 3615; x_wconf 83' lang='lat' dir='ltr'><strong>etinpatriaaunis</strong></span> 
     </span>
     <span class='ocr_line' id='line_1_32' title="bbox 340 3634 2544 3722; baseline -0.002 -21"><span class='ocrx_word' id='word_1_251' title='bbox 340 3635 599 3722; x_wconf 76' lang='lat' dir='ltr'><strong>aliquot</strong></span> <span class='ocrx_word' id='word_1_252' title='bbox 644 3643 801 3721; x_wconf 81' lang='lat' dir='ltr'><strong>post</strong></span> <span class='ocrx_word' id='word_1_253' title='bbox 844 3638 1098 3703; x_wconf 87' lang='lat' dir='ltr'><strong>obitum</strong></span> <span class='ocrx_word' id='word_1_254' title='bbox 1143 3635 1224 3702; x_wconf 91' lang='lat' dir='ltr'><strong>C.</strong></span> <span class='ocrx_word' id='word_1_255' title='bbox 1274 3635 1568 3703; x_wconf 72' lang='lat' dir='ltr'><strong>Caesaris</strong></span> <span class='ocrx_word' id='word_1_256' title='bbox 1616 3635 1793 3700; x_wconf 75' lang='lat' dir='ltr'><strong>diem</strong></span> <span class='ocrx_word' id='word_1_257' title='bbox 1837 3639 2206 3697; x_wconf 64' lang='lat' dir='ltr'><strong>auctuum</strong></span> <span class='ocrx_word' id='word_1_258' title='bbox 2257 3634 2544 3698; x_wconf 74' lang='lat' dir='ltr'><strong>obiisse.</strong></span> 
     </span>
    </p>

    <p class='ocr_par' dir='ltr' id='par_1_6' title="bbox 340 3734 2636 4011">
     <span class='ocr_line' id='line_1_33' title="bbox 340 3734 2550 3822; baseline -0.002 -19"><span class='ocrx_word' id='word_1_259' title='bbox 340 3739 515 3822; x_wconf 79' lang='lat' dir='ltr'><strong>quod</strong></span> <span class='ocrx_word' id='word_1_260' title='bbox 554 3758 643 3803; x_wconf 75' lang='lat' dir='ltr'><strong>ex</strong></span> <span class='ocrx_word' id='word_1_261' title='bbox 692 3746 985 3804; x_wconf 79' lang='lat' dir='ltr'><strong>veterum</strong></span> <span class='ocrx_word' id='word_1_262' title='bbox 1029 3741 1516 3805; x_wconf 87' lang='lat' dir='ltr'><strong>commentariis</strong></span> <span class='ocrx_word' id='word_1_263' title='bbox 1561 3736 1907 3819; x_wconf 82' lang='lat' dir='ltr'><strong>colligitur.</strong></span> <span class='ocrx_word' id='word_1_264' title='bbox 1998 3734 2175 3799; x_wconf 89' lang='lat' dir='ltr'><strong>Illud</strong></span> <span class='ocrx_word' id='word_1_265' title='bbox 2216 3740 2550 3820; x_wconf 60' lang='lat' dir='ltr'><strong>praeterea</strong></span> 
     </span>
     <span class='ocr_line' id='line_1_34' title="bbox 344 3838 2636 3927; baseline 0 -23"><span class='ocrx_word' id='word_1_266' title='bbox 344 3839 425 3904; x_wconf 79' lang='lat' dir='ltr'><strong>de</strong></span> <span class='ocrx_word' id='word_1_267' title='bbox 464 3841 591 3906; x_wconf 80' lang='lat' dir='ltr'><strong>boc</strong></span> <span class='ocrx_word' id='word_1_268' title='bbox 632 3842 788 3926; x_wconf 78' lang='lat' dir='ltr'><strong>ipso</strong></span> <span class='ocrx_word' id='word_1_269' title='bbox 834 3840 1076 3926; x_wconf 86' lang='lat' dir='ltr'><strong>Crispo</strong></span> <span class='ocrx_word' id='word_1_270' title='bbox 1119 3842 1361 3907; x_wconf 76' lang='lat' dir='ltr'><strong>Romoe</strong></span> <span class='ocrx_word' id='word_1_271' title='bbox 1402 3841 1872 3907; x_wconf 76' lang='lat' dir='ltr'><strong>circumlatum</strong></span> <span class='ocrx_word' id='word_1_272' title='bbox 1901 3845 2027 3915; x_wconf 87' lang='lat' dir='ltr'><strong>est,</strong></span> <span class='ocrx_word' id='word_1_273' title='bbox 2072 3842 2146 3903; x_wconf 91' lang='lat' dir='ltr'><strong>ut</strong></span> <span class='ocrx_word' id='word_1_274' title='bbox 2185 3838 2375 3903; x_wconf 88' lang='lat' dir='ltr'><strong>multi</strong></span> <span class='ocrx_word' id='word_1_275' title='bbox 2412 3842 2545 3904; x_wconf 68' lang='lat' dir='ltr'><strong>teo-</strong></span> <span class='ocrx_word' id='word_1_276' title='bbox 2631 3922 2636 3927; x_wconf 17' lang='grc' dir='ltr'><strong>ι</strong></span> 
     </span>
     <span class='ocr_line' id='line_1_35' title="bbox 348 3951 597 4011; baseline -0.008 0"><span class='ocrx_word' id='word_1_277' title='bbox 348 3951 597 4011; x_wconf 76' lang='lat' dir='ltr'><strong>tantur:</strong></span> 
     </span>
    </p>

    <p class='ocr_par' dir='ltr' id='par_1_7' title="bbox 356 4043 2254 4135">
     <span class='ocr_line' id='line_1_36' title="bbox 356 4043 2254 4135; baseline -0.006 -18"><span class='ocrx_word' id='word_1_278' title='bbox 356 4058 365 4065; x_wconf 84' lang='lat'><strong><em>&#39;</em></strong></span> <span class='ocrx_word' id='word_1_279' title='bbox 510 4049 655 4118; x_wconf 85' lang='lat' dir='ltr'><strong>Hic</strong></span> <span class='ocrx_word' id='word_1_280' title='bbox 681 4052 823 4130; x_wconf 87' lang='lat' dir='ltr'><strong>erit,</strong></span> <span class='ocrx_word' id='word_1_281' title='bbox 846 4060 925 4117; x_wconf 80' lang='grc' dir='ltr'><strong>ιιι</strong></span> <span class='ocrx_word' id='word_1_282' title='bbox 944 4050 1287 4135; x_wconf 84' lang='lat' dir='ltr'><strong>perhibent</strong></span> <span class='ocrx_word' id='word_1_283' title='bbox 1306 4048 1653 4113; x_wconf 81' lang='lat' dir='ltr'><strong>doctorum</strong></span> <span class='ocrx_word' id='word_1_284' title='bbox 1680 4043 1883 4112; x_wconf 85' lang='lat' dir='ltr'><strong>corda</strong></span> <span class='ocrx_word' id='word_1_285' title='bbox 1908 4043 2220 4121; x_wconf 83' lang='lat' dir='ltr'><strong>virorum,</strong></span> <span class='ocrx_word' id='word_1_286' title='bbox 2239 4060 2254 4073; x_wconf 84' lang='lat'><em>·</em></span> 
     </span>
    </p>

    <p class='ocr_par' dir='ltr' id='par_1_8' title="bbox 685 4144 2034 4242">
     <span class='ocr_line' id='line_1_37' title="bbox 685 4144 2034 4242; baseline -0.007 -20"><span class='ocrx_word' id='word_1_287' title='bbox 685 4151 964 4242; x_wconf 75' lang='lat' dir='ltr'><strong>crispus</strong></span> <span class='ocrx_word' id='word_1_288' title='bbox 990 4151 1299 4218; x_wconf 84' lang='lat' dir='ltr'><strong>Romana</strong></span> <span class='ocrx_word' id='word_1_289' title='bbox 1319 4151 1575 4236; x_wconf 85' lang='lat' dir='ltr'><strong>primus</strong></span> <span class='ocrx_word' id='word_1_290' title='bbox 1601 4148 1675 4214; x_wconf 79' lang='lat' dir='ltr'><strong>in</strong></span> <span class='ocrx_word' id='word_1_291' title='bbox 1704 4144 2034 4214; x_wconf 82' lang='lat' dir='ltr'><strong>Historia.</strong></span> 
     </span>
    </p>
   </div>
  </div>
 </body>
</html>
