2984 4892
450 366 543 434 ὅ
1278 380 1379 429 nn
1422 380 1848 433 saumario

450 534 996 622 peregrinamque
1046 532 1361 614 linguam,
1414 549 1534 614 per
1582 530 2021 613 interpretem,
2075 530 2386 613 flagranti
2433 532 2669 598 studio

452 632 955 714 sermamsest3
998 634 1159 718 quin
1195 640 1265 697 et
1308 632 1528 696 maria
1574 628 2672 713 uumgreoemdieiturmtoeuns

454 741 601 805 suis
629 739 927 805 crederet
953 737 1037 801 de
1076 735 1564 801 conditionibus
1610 736 1932 800 locorum.
2025 736 2290 801 Bellum
2314 737 2672 819 Iugurthi-

452 862 635 920 num,
665 841 1319 925 conjurationemque
1358 838 1697 915 Catilinae‚
1741 841 2244 923 compendioso,
2289 846 2359 903 et
2407 840 2496 903 ad
2537 858 2672 903 un-

454 965 678 1031 guem,
704 952 777 1007 ut
805 944 941 1007 dici
968 943 1163 1020 solet,
1192 942 1522 1024 castigato
1545 943 1724 1026 stylo
1748 945 2144 1027 complexus
2171 949 2298 1021 est,
2327 942 2448 1006 sed
2475 941 2672 1007 nuno

453 1047 776 1112 famosior
804 1063 1005 1131 qnam
1040 1045 1489 1110 Historiarum
1515 1045 1712 1123 libro,
1732 1049 1848 1129 qui
1877 1047 2062 1111 aeuti
2089 1064 2356 1130 quoque
2383 1051 2668 1122 nostrae,

454 1151 989 1234 necertumejus
1028 1151 1261 1214 sileam
1290 1148 1606 1225 dedecus,
1651 1151 1944 1215 amissus
1989 1160 2128 1215 oet:
2170 1158 2466 1213 veterum
2511 1148 2671 1231 qui-

456 1253 605 1320 dem
633 1254 1007 1319 testimonio
1035 1252 1343 1331 illustris,
1370 1251 1556 1336 apud
1601 1270 1728 1316 nos
1769 1254 1916 1317 solo
1945 1250 2094 1336 jam
2136 1252 2401 1316 nomine
2429 1268 2673 1334 super·-

458 1360 615 1421 stes.

1406 1525 1488 1594 1..
1516 1527 1760 1594 Vives.

545 1630 930 1708 Sallustius,
959 1650 1176 1695 rerum
1202 1629 1664 1697 Romanarum
1688 1631 2193 1697 florentissimus
2235 1631 2544 1714 scriptor,
2592 1633 2672 1693 ut

456 1735 673 1820 inquit
696 1733 998 1813 Tacitus,
1028 1734 1333 1818 frequens
1352 1739 1456 1799 est
1482 1735 1554 1798 in
1577 1735 1891 1799 manibus
1916 1753 2314 1819 puerorum3
2348 1732 2470 1797 sed
2496 1731 2670 1803 mihi

457 1837 676 1923 aptior
731 1836 991 1902 videtur
1046 1838 1599 1921 provectioribus.
1709 1836 2137 1903 Inimitabilis
2190 1843 2298 1903 est
2352 1836 2422 1901 in
2481 1834 2668 1903 illius

457 1941 727 2025 scriptis
779 1940 1037 2022 gratia:
1110 1959 1265 2024 quae
1332 1940 1881 2023 quotiescumque
1957 1941 2261 2024 repetita,
2328 1954 2670 2024 nunquam

459 2043 735 2110 taedium
763 2042 897 2121 sui,
924 2046 1045 2105 aut
1072 2043 1451 2106 satietatem
1479 2042 1711 2107 lectori
1733 2042 2028 2108 afferant.

1298 2213 1433 2294 Qu.
1465 2213 1846 2298 mugnus.

548 2351 820 2418 Nemini
861 2351 1139 2417 dubium
1175 2359 1280 2419 est
1330 2353 1728 2419 Sallustium
1762 2353 1984 2439 plures
2007 2352 2433 2438 majoresque
2460 2352 2674 2421 histo*

460 2458 699 2522 riarum
729 2455 938 2519 libros
969 2457 1339 2540 scripsisse,
1369 2457 1484 2540 qui
1527 2457 1770 2541 partim
1820 2462 2193 2539 temporum
2222 2456 2488 2542 injuria,
2513 2477 2675 2542 par-

458 2561 579 2625 tim
607 2557 861 2624 invidia
885 2556 1221 2622 hominum
1251 2559 1649 2645 jamdudum
1683 2560 1951 2645 periere.
2039 2559 2282 2644 Neque
2311 2559 2676 2626 absurdum
2715 2616 2722 2619 ,

460 2667 564 2727 est
605 2660 757 2726 inde
785 2661 1141 2745 suspicari,
1188 2662 1248 2726 si
1294 2661 1543 2725 bellum
1586 2660 1634 2726 J
1636 2662 2078 2745 ugurffiinum,
2109 2661 2292 2745 quod
2335 2662 2486 2746 ipse
2534 2672 2680 2728 non=

459 2762 649 2842 vidit,
679 2769 747 2829 et
773 2769 994 2828 tamen
1026 2763 1351 2829 Romanis
1403 2764 1549 2829 suis
1594 2766 1689 2835 ita
1716 2764 2058 2848 diligenter
2083 2764 2366 2842 notavit,
2383 2782 2480 2829 -ea
2501 2785 2673 2849 quo-

461 2885 589 2949 que
619 2865 955 2931 memoria:
982 2864 1365 2945 mandasse,
1397 2887 1551 2952 quae
1585 2888 1710 2932 suo
1739 2874 2035 2951 tempore
2062 2866 2483 2955 potissimum
2512 2888 2674 2934 con·-

462 2968 700 3050 tigere:
746 2967 1305 3052 quemadmodum
1333 2968 1816 3034 contentionem
1857 2971 2024 3033 inter
2060 2964 2354 3033 Marium
2385 2969 2676 3054 Synam4

464 3088 598 3152 que
635 3076 874 3147 ortam,
926 3072 1015 3133 ob
1060 3070 1311 3134 bellum
1361 3068 1928 3137 Mithridaticum:
1975 3070 2273 3149 Octavii,
2329 3070 2676 3158 Mariique

462 3189 726 3234 necem.
769 3169 1074 3236 Africam
1103 3169 1411 3256 Pompeii
1442 3170 1676 3255 Magni
1703 3174 2084 3239 victoriam.
2129 3174 2338 3259 Syllae
2378 3177 2675 3260 tyranni-

463 3272 651 3337 dem:
700 3270 958 3337 Metelli
1010 3273 1448 3357 Pompeiique
1498 3274 1566 3337 in
1610 3274 1982 3359 Hispanias
2031 3278 2450 3343 missionem.
2514 3277 2676 3343 Ser-

458 3373 636 3452 torii,
666 3393 1045 3458 pugnaeque
1072 3374 1217 3461 ejus
1243 3374 1474 3441 finem:
1522 3374 1983 3443 Gladiatorum
2016 3380 2298 3444 bellum·
2282 3430 2298 3446 .
2343 3378 2676 3446 Tribuna-

461 3480 607 3540 tum
657 3476 839 3563 plebi
886 3478 1297 3544 restitutum:
1344 3476 1721 3543 Piratarum
1748 3481 2059 3545 exitium:
2111 3481 2368 3568 Syriam
2398 3482 2677 3549 victam.

462 3574 724 3645 Etcum
750 3578 857 3643 his
884 3580 1201 3667 pleraque
1218 3582 1372 3661 alia,
1390 3601 1546 3665 quae
1574 3602 1618 3647 a
1647 3582 1945 3650 Sallustii
1972 3585 2313 3650 nativitate
2339 3605 2554 3669 usque
2583 3584 2676 3655 ad

466 3678 775 3747 Catilinas
813 3684 1374 3767 conspirationem
1424 3692 1616 3769 gesta
1654 3690 1830 3766 sunt,
1879 3688 1998 3752 ubi
2041 3687 2470 3753 interfuerunt
2515 3687 2674 3753 anni
2809 3708 2816 3711 ·

463 3784 692 3848 exacti
718 3785 957 3867 viginti
984 3794 1051 3852 et
1079 3788 1388 3871 quinque.
1480 3787 1766 3865 Deinde,
1790 3809 1836 3854 a
1873 3787 2180 3855 Catilinae
2219 3789 2675 3873 conjuratione

462 3904 674 3970 usque
702 3887 790 3951 ad
818 3887 1126 3954 Sallustii
1154 3891 1431 3970 obitum,
1457 3892 1666 3956 etiam
1689 3891 1900 3956 ardua
1942 3891 2122 3957 haud
2153 3911 2370 3976 pauca
2402 3892 2677 3959 accide-

463 3995 652 4054 runt:
698 3990 902 4067 velut,
938 3989 1169 4075 Magni
1200 3991 1507 4077 Pompeii
1535 3993 1932 4078 triumphus:
1978 3992 2325 4060 Ciceronis
2369 3995 2675 4073 exilium,

465 4098 534 4155 et
561 4090 953 4158 trucidatio:
999 4090 1335 4160 Gallicum
1380 4094 1655 4161 bellmn:
1701 4095 1980 4161 Clodius
2031 4098 2442 4162 interemtus:
2496 4094 2677 4163 Res-

465 4194 740 4278 publiea
766 4212 1145 4281 oppressa:
1188 4193 1514 4263 Africana
1561 4195 1943 4281 expeditio:
1985 4195 2211 4264 Julius
2249 4196 2490 4264 Caesar
2515 4216 2680 4265 cona
