2984 4892
921 384 1410 450 FRAGMENTA,
1504 388 1652 438 mn.
1701 387 1784 439 11.

311 525 387 575 Ns
418 524 504 575 lua
540 524 704 590 tum]
735 525 1057 577 Particulam
1093 543 1171 591 ae,
1195 542 1310 592 pro,

248 603 427 666 ndns,
459 603 680 667 positam
718 603 914 656 docent
944 604 1304 656 Grammatici.

246 678 330 729 Sic
366 678 620 744 Apulejus
649 677 909 744 Apologia
947 693 987 730 r.
1037 683 1053 709 ‘
1094 679 1171 731 At
1209 695 1306 745 ego

246 754 528 818 AEmiliano,
571 770 673 805 non
717 756 836 806 huic
879 756 1035 819 Afro,
1088 758 1179 808 sed
1230 757 1307 807 illi

247 828 486 882 Africano
510 837 566 882 et
605 831 947 895 Numantino,
973 842 1028 883 et
1049 839 1307 897 praterea
1333 861 1346 874 κ

247 906 483 957 Censorio
507 907 589 957 vix
612 908 946 972 crediderim,
965 924 1031 960 ne
1055 910 1177 960 huic
1199 908 1305 959 fru-

244 984 332 1034 tici
354 985 576 1050 credam,
596 1001 702 1036 non
741 987 892 1038 modo
924 989 1098 1039 odium
1124 1004 1308 1054 pecca-

244 1067 423 1124 torum,
438 1063 533 1113 sed
550 1064 735 1114 saltem
751 1065 1076 1117 intellectum
1097 1066 1304 1118 iuesse.'

251 1138 407 1189 Ursis.

305 1215 559 1265 Deciatum
594 1232 659 1266 a
692 1215 863 1267 Sicilia
895 1217 1183 1282 pmfectuns]
1216 1218 1306 1269 Vi-

243 1289 393 1342 detur
424 1306 491 1341 ex
531 1293 747 1344 historia
781 1293 1087 1359 legendum3
1126 1297 1305 1346 Deda-

242 1366 334 1417 lus
353 1368 404 1416 irs
432 1368 652 1418 Silis-iem
669 1368 950 1435 profectum,
968 1386 1075 1420 cum
1100 1372 1304 1433 Minois,

240 1445 317 1506 &⁶-
384 1446 684 1497 Heredotus
729 1447 764 1497 l.
804 1461 902 1498 vn.
967 1446 1176 1509 Λέγεται
1210 1449 1306 1513 γὰρ

241 1517 366 1570 stir-
385 1521 511 1572 κατὰ
531 1521 735 1584 ζήτησιν
764 1521 1006 1573 Δαιδάλου
1025 1523 1305 1585 ἀπικόμενον

242 1597 288 1648 δε
333 1599 573 1663 Σικανίην,
610 1601 704 1659 τὴν
738 1603 819 1652 νῦν
869 1601 1089 1662 Σικελίην
1132 1613 1303 1653 καλου-

239 1672 517 1739 »inmerc-
585 1678 738 1728 Unde
778 1682 830 1728 in
868 1682 967 1730 alio
1006 1679 1301 1745 fragmento

240 1761 347 1806 est:
381 1758 397 1784 ⁸
421 1755 677 1806 Aristaeus
711 1772 829 1808 cum
862 1759 1088 1809 Daedalo
1112 1760 1162 1809 in
1187 1761 1303 1810 Sar-

238 1830 420 1882 diniam
438 1834 712 1884 transivit!
769 1836 887 1886 Nisi
910 1835 1048 1886 forte
1069 1835 1302 1887 dicamus

240 1906 510 1960 Dadalum
549 1909 603 1958 in
641 1911 872 1960 Siciliam
905 1912 1070 1976 primo
1102 1912 1302 1976 profec-

238 1990 362 2048 tum,
398 2001 470 2037 ex
507 1987 682 2037 Sicilia
721 2003 897 2038 rursus
934 1989 987 2038 in
1030 1988 1301 2054 Iapygiam

238 2059 437 2126 Apuliae
459 2065 830 2115 conterminam
856 2065 1075 2118 venisse.
1130 2068 1301 2118 Quam

235 2152 353 2189 sane
374 2153 405 2190 a
424 2140 627 2205 Iapyge
643 2141 754 2206 ejus
771 2141 877 2192 filio
898 2143 1092 2194 dictam
1107 2143 1302 2194 docent

237 2213 406 2266 Graeci
428 2218 737 2281 scriptores,
775 2226 828 2269 et
863 2218 1131 2270 confirmat
1154 2220 1300 2270 Grn-

238 2304 349 2342 cum
371 2300 523 2344 vetus
566 2294 820 2343 numisma
857 2295 911 2343 in
941 2294 1138 2359 Apulia
1161 2295 1298 2360 apud

235 2367 465 2419 Daunius
504 2369 765 2433 signatum
789 2368 946 2434 Arpis
984 2371 1093 2421 sive
1127 2371 1298 2436 Argy-

235 2445 411 2512 rippae,
445 2448 501 2498 in
539 2449 700 2513 cnjus,
727 2452 895 2499 altera
929 2458 1080 2514 parte
1104 2451 1297 2502 alatum

235 2522 460 2590 Iapygis,
498 2525 610 2576 sive
649 2526 808 2588 Icari,
843 2527 1051 2578 Daedali
1085 2527 1200 2591 filii,
1231 2527 1298 2578 si·

235 2601 511 2652 mulacrum
553 2617 856 2667 expressum
897 2610 998 2668 est,
1037 2605 1089 2654 in
1131 2606 1299 2655 altera

236 2673 527 2728 Diomedeae
568 2693 691 2728 aves
733 2679 868 2737 dure,
899 2693 964 2729 ea
1008 2680 1162 2744 plane
1198 2694 1300 2746 qna

239 2750 428 2802 Plinius
451 2759 509 2804 et
531 2754 619 2813 alii
656 2753 868 2804 tradunt
892 2753 1074 2816 forma,
1095 2755 1301 2805 Diome·

236 2827 313 2879 dis
333 2845 512 2881 urnam
552 2832 916 2896 sepulcralem,
954 2839 1016 2884 ut
1047 2831 1187 2882 idem
1223 2834 1299 2883 ait

235 2904 448 2970 Plinius,
484 2909 901 2972 circumstantes,
922 2908 1010 2975 qui
1045 2907 1298 2975 Argyrip-

236 2996 313 3046 poe
335 2986 574 3036 conditor
596 2986 805 3036 dicitur.
880 2987 1042 3037 Ursis.

293 3061 546 3128 Danielus]
579 3063 683 3113 Hic
717 3063 931 3127 insignis
955 3062 1059 3113 fuit
1092 3063 1296 3114 Mathe·

234 3140 441 3191 maticns
474 3149 532 3192 et
570 3140 874 3203 statuarius,
912 3139 1166 3191 artificum
1192 3155 1298 3190 om-

233 3214 368 3266 nium
388 3231 500 3267 suae
521 3216 695 3267 aetatis
720 3215 1175 3281 ingeniosissimus,
1196 3216 1299 3281 pri-

231 3304 440 3359 musque
492 3294 720 3344 omnium
765 3293 883 3342 vela
937 3298 993 3342 et
1046 3298 1298 3342 antennas

235 3370 348 3420 navi
387 3370 692 3435 imposuisse
728 3368 947 3420 dicitur:
985 3370 1120 3419 unde
1157 3367 1296 3419 forte

221 3443 405 3497 ‚fabula
435 3449 631 3498 alarum
672 3444 915 3497 Daedali:
950 3460 1068 3495 nam
1102 3452 1160 3495 et
1181 3445 1295 3494 Vir·

236 3523 376 3587 gilius
421 3524 620 3590 inquit:
678 3526 693 3552 ‘
730 3523 979 3574 Veiorum
1024 3523 1295 3587 pandimus

236 3599 375 3649 alas!
450 3601 650 3652 Statius
692 3615 895 3666 quoque
936 3599 1297 3660 immobilibus,

234 3677 418 3729 abditis
451 3678 753 3744 quibusdam
795 3678 964 3728 nervis
1003 3675 1201 3737 effecit,
1237 3684 1296 3727 ut

236 3753 329 3805 huc
361 3763 518 3822 atque
562 3757 683 3805 illuc
728 3762 1078 3805 moverentur.
1163 3753 1296 3802 Exul

238 3830 303 3880 oh
335 3831 599 3896 dejectum
637 3839 778 3882 tecto
815 3846 908 3895 per
941 3829 1186 3879 invidiam
1217 3843 1297 3880 so-

235 3912 361 3961 roris
399 3927 506 3962 sua·
550 3912 786 3963 perdicis
837 3911 1020 3973 filium,
1062 3911 1114 3959 iu
1171 3910 1295 3959 Cre-

238 3993 338 4037 tam
363 3987 427 4039 ad
452 3988 682 4039 Minoem
706 4003 763 4038 se
785 3988 1002 4050 recepit,
1041 3992 1197 4051 atque
1222 3984 1296 4035 ibi

238 4063 623 4130 labyrinthum,
663 4066 731 4116 ad
791 4063 1020 4129 AEgyptii
1073 4062 1295 4112 formam

240 4143 547 4206 construxit,
607 4142 886 4206 multiplici
942 4146 1000 4189 et
1055 4140 1298 4189 intricata

239 4216 425 4268 viarum
448 4217 802 4283 perplexitate
828 4216 1225 4276 irremeabilem,
1245 4215 1296 4264 in

237 4306 338 4358 qua
370 4301 559 4359 postea
593 4295 709 4360 ipse
744 4307 852 4346 uua
873 4307 1000 4345 cum
1016 4291 1167 4346 Icaro
1187 4290 1296 4344 filio

2288 375 2453 443 ⁴703

1378 527 1750 582 fuitinclusus.
1815 530 2001 597 Itaque
2020 530 2140 583 inde
2158 533 2451 598 navigioad
2514 583 2523 592 ,

1381 607 1627 658 Cocalum
1658 608 1853 659 Siciliae
1896 623 2072 673 regem
2112 624 2169 659 se
2207 612 2449 662 contulit.

1380 683 1544 733 Plura
1564 685 1797 745 Tzetzes,
1825 686 2110 736 Pausanias
2132 687 2183 735 in
2208 686 2449 738 Achaicis

1381 767 1439 810 et
1480 759 1772 822 Arcadicis,
1806 761 2085 824 Diodorus,
2117 764 2321 828 suidas,
2342 764 2449 815 alii.

1381 838 1638 888 Lucienus
1668 838 1719 887 in
1751 840 1884 888 libro
1907 839 1971 889 de
1997 838 2295 904 Astrologia
2324 841 2452 896 scri·

1380 914 1459 965 bit
1504 916 1779 966 Daedalum
1802 915 1961 965 fuisse
1998 917 2450 980 Mathematicum,

1377 1000 1432 1043 et
1477 991 1638 1042 filium
1680 993 1886 1043 Icarum
1932 992 2169 1043 docuisse
2212 993 2449 1044 Astrolo-

1377 1069 1533 1135 giam,
1555 1070 1646 1120 sed
1669 1071 2015 1135 eumjuvenili
2039 1069 2224 1120 ardore
2249 1078 2306 1121 et
2328 1085 2447 1135 per-

1378 1161 1530 1196 suasu
1553 1146 1804 1197 doctrina»
1835 1148 2024 1196 elatum
2051 1162 2082 1196 a
2106 1161 2247 1210 vero,
2268 1152 2325 1197 et
2356 1147 2448 1197 de·

1376 1223 1563 1274 cidisse
1586 1225 1637 1274 in
1662 1238 1802 1274 mare
1832 1239 2003 1274 rerum
2039 1226 2300 1275 immensae
2325 1238 2445 1288 pro·

1377 1298 1665 1350 funditatis.
1735 1300 1921 1365 Neque
1944 1315 2068 1350 vero
2096 1302 2260 1350 solum
2293 1301 2447 1350 simu-

1377 1376 1519 1426 lacra
1539 1374 1687 1438 fecit,
1700 1375 1791 1425 sed
1817 1377 2121 1439 praeclarum
2140 1392 2291 1440 opus,
2310 1391 2448 1427 com·

1378 1451 1621 1515 pactilem
1674 1450 1875 1513 sellam,
1919 1467 2036 1517 quae
2092 1452 2143 1500 in
2192 1451 2447 1502 Minerva

1376 1528 1588 1577 delubro
1611 1527 1748 1590 apud
1770 1526 2111 1578 Athenienses
2128 1529 2302 1578 dicata
2323 1527 2446 1580 fuit.

1375 1605 1532 1654 Plato
1564 1605 1618 1654 in
1657 1605 1884 1654 Menone
1911 1612 2283 1655 commemorat
2305 1620 2446 1672 quae·

1375 1681 1495 1731 dam
1535 1681 1738 1730 Daedali
1782 1679 2061 1744 ἀγάλματα,
2104 1697 2221 1747 quas
2271 1683 2444 1733 solutu

1375 1755 1666 1820 aufugiunt,
1689 1758 1779 1806 sed
1806 1759 1983 1808 vincta
2005 1764 2233 1809 manent.
2288 1757 2443 1809 Unde

1372 1835 1617 1885 Socrates
1672 1835 1811 1899 apud
1880 1835 2101 1886 eundem
2166 1836 2221 1884 in
2297 1834 2449 1885 Euri·

1375 1913 1573 1974 phroue
1627 1921 1935 1977 argumenta
1969 1927 2070 1962 non
2110 1911 2448 1963 consistentia

1377 1989 1644 2038 Daedaleis
1654 1989 1900 2053 operibus
1914 1989 2080 2040 videri
2096 1989 2283 2039 similia
2291 1989 2444 2039 dicit.

1440 2065 1630 2130 Minos]
1674 2068 1848 2117 Cretas
1886 2082 2000 2129 rex,
2037 2067 2124 2132 qui
2164 2066 2443 2117 Daedalum

1374 2144 1539 2193 classe
1558 2151 1863 2208 persecutus
1898 2143 1961 2194 ad
1986 2143 2231 2194 Cocalum
2249 2142 2442 2194 Siciliae

1373 2234 1570 2284 regem,
1587 2220 1653 2270 ab
1669 2220 1848 2271 Cocali
1866 2220 2066 2271 filiabus
2091 2217 2275 2271 calidis
2291 2219 2441 2285 aquis

1376 2312 1469 2361 per
1490 2303 1651 2361 caput
1672 2295 1854 2347 infusis
1876 2299 2139 2352 extinctus
2161 2301 2257 2348 est.
2307 2296 2445 2346 Mul·

1375 2379 1431 2421 ta
1472 2372 1537 2421 de
1576 2387 1639 2422 eo
1682 2372 2018 2438 Plutarchus,
2060 2372 2346 2424 Pausanias
2387 2372 2441 2420 in

1374 2447 1641 2513 Achaicis,
1680 2450 1900 2501 Diodor.
1945 2450 2163 2514 Siculus,
2202 2446 2445 2500 Herodo-

1377 2532 1479 2578 tus.
1502 2526 1607 2577 alii.

1439 2602 1702 2668 Bithynia]
1732 2602 1938 2668 Βιθυνία,
1960 2604 2100 2656 Asioe
2120 2602 2340 2654 Minoris
2365 2618 2444 2653 re-

1373 2678 1476 2742 gio.
1514 2679 1623 2728 Per
1644 2680 1690 2728 ei
1710 2680 1764 2729 in
1787 2679 2035 2742 secunda,
2050 2693 2285 2728 nummus
2308 2679 2442 2728 anti·

1372 2769 1505 2818 quus
1528 2754 1780 2805 Hadriani
1801 2755 1938 2818 Imp.
1971 2753 2147 2804 habet.
2171 2754 2249 2826 sic
2270 2759 2328 2803 et
2349 2752 2442 2803 alii

1374 2844 1597 2895 quoque.
1664 2831 1799 2881 Haec
1831 2831 1953 2880 olim
1990 2829 2279 2894 Mygdonia
2304 2834 2440 2892 Μυγ-

1372 2907 1520 2971 toria,
1589 2913 1646 2957 et
1692 2907 1955 2971 Bebrycia
2007 2903 2253 2969 Βεβρυκία,
2296 2904 2442 2955 dicta

1370 2983 1488 3048 suit,
1508 2984 1777 3035 Marciano
1801 2984 2060 3048 Capelloe:
2085 2983 2212 3032 item
2236 2982 2442 3046 Cronia,

1375 3061 1661 3126 Maliande,
1703 3060 2013 3126 Strymonis,
2063 3065 2120 3108 et
2173 3057 2439 3108 Thessalis

1371 3138 1561 3190 Plinio.
1605 3137 1885 3201 Phrygiam
1910 3135 2164 3199 Majorem
2183 3139 2441 3195 vocatam,

1371 3215 1501 3266 dicit
1550 3214 1825 3264 Sallustius
1881 3212 2020 3277 apud
2069 3209 2320 3273 Servium,
2370 3208 2440 3261 ad

1372 3291 1574 3342 AEneid.
1611 3306 1662 3341 v.
1728 3290 1855 3355 Ejus
1892 3290 2086 3340 incolas
2127 3287 2440 3354 Halyzonas,

1370 3366 1645 3436 (ἅλαζόνες,
1667 3375 1747 3417 est
1769 3368 1823 3416 in
1844 3366 2062 3428 Groeco)
2086 3371 2240 3414 vocat
2253 3364 2440 3415 Suidas

1372 3452 1430 3495 et
1453 3443 1769 3495 Herodotus.
1802 3451 1858 3494 et
1896 3441 2033 3491 idem
2066 3441 2196 3491 dicit
2224 3456 2311 3491 eos
2331 3440 2439 3505 pri-

1373 3537 1511 3572 mum
1544 3521 1870 3586 Strymonios
1908 3515 2225 3586 (Στρυμόνιοι)
2246 3517 2437 3568 dictos.

1370 3601 1595 3665 Thynos,
1650 3599 1947 3663 priusquam
2001 3609 2068 3645 ex
2125 3595 2336 3658 Europa
2382 3592 2437 3643 in

1375 3677 1549 3726 Asiam
1602 3674 2073 3738 transmigrassem,
2126 3669 2316 3732 dictos,
2369 3682 2437 3718 ex

1374 3753 1657 3817 Hesycbio,
1692 3755 1749 3801 et
1790 3750 1947 3799 Plinii
1985 3762 2042 3797 ν.
2079 3750 2163 3797 81.
2201 3747 2437 3797 docetur.

1371 3829 1633 3893 Bithyniae
1674 3842 1740 3876 ea
1783 3840 1921 3891 pars,
1957 3839 2073 3889 quae
2118 3828 2326 3887 spectat
2370 3820 2439 3871 ad

1371 3906 1599 3955 Pontum
1641 3905 1896 3955 Euxinum
1938 3917 1971 3951 a
2009 3900 2230 3964 Bospori
2268 3898 2440 3962 iuitio,

1372 3983 1437 4031 ad
1460 3982 1781 4032 Heracleam
1796 3978 1976 4028 urbem
1998 3991 2178 4043 usque,
2200 3975 2438 4026 Asiatica

1369 4058 1606 4121 Thracia,
1647 4063 1784 4107 teste
1829 4055 2199 4119 Xenophonte,
2242 4067 2439 4102 nuncn-

1372 4141 1546 4200 patur.
1610 4132 1808 4183 Eadem
1841 4130 2197 4191 Thracesium,
2231 4133 2292 4178 ut
2334 4129 2440 4178 Eu·

1371 4210 1591 4261 stathius
1630 4209 1724 4258 ait.
1790 4207 2129 4270 Metapontus
2161 4204 2369 4255 videtur
2404 4218 2437 4254 a

1369 4287 1600 4353 justino,
1619 4286 1659 4339 1.
1675 4298 1789 4338 xvi.
1810 4282 2086 4336 nominari:
2138 4281 2231 4335 ubi
2251 4280 2439 4334 scribit
