2984 4892
575 375 729 428 111.

576 522 733 590 Apud
777 520 1005 586 majores
1049 525 1170 571 nost
1305 520 1371 570 Τ.
1410 520 1638 571 Manlius

574 590 871 653 Torquatus
907 585 1068 639 filium
1092 599 1267 636 necari
1302 585 1477 651 jussit,
1524 600 1640 649 pro,

574 654 822 718 majorum
838 659 1131 703 nostrorum
1148 652 1394 701 memoria
1413 652 1495 701 vel
1512 658 1639 702 tem·

574 720 789 783 poribus
810 718 854 767 C
873 722 937 768 52
988 718 1100 767 Cic.
1124 718 1188 766 ad
1214 715 1443 781 Appium
1468 716 1541 777 iii,
1560 721 1641 779 10,

576 787 658 837 81.
726 784 1003 833 amicitiam
1039 782 1217 832 violari
1242 780 1380 846 apud
1418 782 1639 847 maiores

574 855 778 899 nostros
799 846 880 897 fas
904 863 1005 899 non
1040 856 1175 909 erat,
1213 856 1270 897 et
1292 847 1434 901 alibi.
1500 847 1638 898 Socii

574 914 703 965 clari
726 914 886 977 magis
913 929 1065 977 quam
1086 913 1291 963 honesti
1311 914 1344 965 J
1370 916 1401 961 8
1459 913 1640 964 Numi·

574 980 669 1045 das
691 979 873 1029 honori
897 977 1105 1028 ducitur
1138 977 1171 1029 J
1199 982 1256 1029 11
1326 992 1416 1029 vos
1452 994 1640 1029 memo-

573 1044 652 1094 ria
684 1050 915 1095 remanet
948 1044 1051 1102 avi,
1086 1047 1187 1093 dcc.
1244 1042 1277 1094 J
1298 1047 1365 1095 24
1432 1045 1638 1109 plebem

573 1111 743 1175 gravia
784 1107 977 1158 invidia
1009 1110 1042 1161 J
1080 1113 1146 1158 80
1213 1107 1404 1172 primos
1444 1118 1564 1160 erat
1603 1110 1640 1161 J

572 1178 639 1235 ,46
657 1182 714 1225 et
736 1175 767 1226 J
800 1179 886 1224 101
947 1175 1114 1225 altero
1138 1174 1291 1223 alteri
1307 1173 1638 1225 formidinem

570 1238 747 1291 facere
763 1241 797 1291 J
817 1244 879 1288 58
915 1254 1092 1289 omnes
1110 1238 1295 1289 adesse
1310 1238 1344 1291 J
1364 1244 1459 1290 100
1509 1240 1637 1290 illud

571 1312 773 1355 tantum
808 1307 972 1354 scelus
996 1305 1215 1355 inultum
1242 1304 1637 1382 relinquendum

570 1370 606 1423 J
652 1375 748 1419 106
822 1370 1041 1419 animum
1089 1384 1255 1420 meum
1303 1370 1427 1419 nilnl
1469 1372 1638 1433 carius

569 1435 753 1497 babeo,
777 1436 1014 1499 equidem
1039 1450 1135 1499 ego
1156 1435 1386 1499 sicapud
1411 1436 1636 1486 animum

570 1515 739 1550 meum
762 1508 937 1550 statuo
980 1501 1020 1549 F
1053 1504 1169 1560 852,
1197 1504 1263 1549 22
1298 1500 1340 1549 F
1364 1505 1479 1565 856,
1504 1505 1564 1550 17.
1600 1501 1636 1553 J

571 1567 673 1615 ue
733 1566 1045 1629 aliquantam
1068 1573 1271 1628 partem
1287 1565 1462 1625 gloriae
1481 1565 1638 1615 demi-

568 1637 711 1681 serat
732 1631 953 1680 maxime
973 1631 1110 1693 apud
1132 1637 1337 1679 veteres
1354 1637 1411 1680 et
1427 1639 1636 1681 sanetus

568 1697 707 1755 111-οε
738 1696 783 1744 F
813 1700 930 1755 294,
972 1701 1035 1745 14
1098 1696 1462 1745 Samothracas
1489 1695 1636 1746 Deos

570 1767 844 1824 acceptum
867 1762 920 1809 in
943 1760 1101 1811 fldem
1137 1761 1179 1809 F
1215 1764 1333 1822 818,
1370 1766 1405 1811 9
1470 1762 1637 1810 latera

569 1833 743 1877 certos
768 1827 1113 1876 collocaverat
1137 1827 1179 1875 F
1199 1829 1318 1886 829,
1344 1830 1404 1875 18
1469 1825 1636 1890 indig-

568 1905 662 1943 nos
685 1905 824 1955 sepe
845 1897 996 1942 erant
1030 1891 1177 1957 quasi
1215 1905 1311 1955 per
1346 1890 1634 1941 lubidinem

570 1956 698 2006 data
719 1956 762 2005 F
786 1961 901 2020 sse,
922 1960 951 2005 s

636 2021 787 2086 Aqua
813 2022 947 2084 jugi,
983 2020 1212 2085 pluvias
1246 2025 1313 2072 89
1377 2021 1508 2072 utris
1539 2021 1638 2072 alia

568 2100 722 2151 aquae
744 2085 930 2137 idonea
951 2087 984 2138 J
1005 2091 1067 2136 75
1134 2084 1252 2136 fons
1291 2087 1327 2138 J
1350 2091 1416 2138 92
1480 2102 1512 2136 a
1550 2102 1637 2137 ua⁶

570 2158 680 2202 tum
704 2165 943 2214 egressus
965 2153 998 2203 J
1024 2156 1089 2201 98
1154 2152 1475 2216 hyemalibus
1571 2157 1635 2203 87

570 2250 579 2258 -
632 2215 800 2266 Arant
835 2216 1001 2280 (quae)
1026 2215 1328 2281 ¹aedificant,
1369 2217 1639 2282 navigant,

566 2280 751 2331 virtuti
774 2282 948 2332 omnia
971 2289 1159 2345 parent
1181 2282 1225 2332 C
1246 2286 1277 2332 2

570 2379 575 2385 -
630 2344 767 2396 Aras
786 2346 1036 2396 Philaenis
1059 2345 1307 2397 fratribus
1353 2360 1632 2398 consecra-

565 2412 737 2463 vereJ
761 2415 828 2461 79
893 2417 1050 2477 atque
1091 2410 1222 2462 focis
1258 2412 1447 2462 bellum
1487 2426 1635 2477 para·

567 2489 691 2525 vere
712 2477 756 2526 C
772 2480 838 2525 52

633 2540 895 2590 Arbitrati
931 2542 1243 2605 ,Iugurtham
1280 2542 1315 2594 J
1338 2546 1405 2592 69
1483 2543 1635 2607 cnjus

566 2604 820 2655 arbitratu
868 2607 1223 2657 communibus
1268 2607 1491 2672 negotiis
1513 2622 1634 2659 con·

562 2670 824 2721 sulen-etur
863 2672 897 2722 J
933 2676 1026 2722 105
1094 2672 1312 2723 arbitrio
1352 2687 1632 2736 pancorum

564 2735 689 2787 beni
706 2735 947 2801 domique
969 2736 1265 2797 agitabatur
1300 2738 1335 2790 J
1360 2742 1423 2787 41
1465 2738 1632 2789 utrius

564 2806 794 2859 uestrum
811 2802 1045 2863 arbitrio,
1063 2802 1267 2865 injuriae
1282 2801 1394 2852 fleri
1419 2804 1631 2867 Furat

628 2863 820 2983 Argori
856 2866 1201 2925 infoecundus,
1243 2869 1408 2918 bonus
1452 2868 1632 2933 pecori

632 2944 691 2980 er
769 2936 828 2981 17

564 2946 823 3046 agArcem
860 2998 1005 3060 regni
1043 2998 1253 3047 Zamam
1275 2998 1309 3050 J
1332 3002 1398 3048 56
1463 2997 1532 3047 ad
1551 3012 1631 3048 ar·

562 3074 678 3110 cem
720 3061 898 3138 oppidi
937 3062 1200 3124 trepidare
1237 3064 1270 3115 J
1303 3068 1367 3113 67
1435 3063 1633 3113 babent

560 3128 1475 3255 “qudgaeelvgisittnzeffufflilchaptae
1506 3194 1540 3245 J
1565 3196 1629 3243 82

558 3255 835 3320 quinquies
879 3257 1125 3307 occurrit.
1150 3257 1255 3307 vid.
1290 3272 1521 3307 accerso.
1560 3258 1628 3308 ab

562 3328 743 3370 aratro
757 3322 1160 3372 accersebantur
1174 3323 1243 3372 V.
1263 3323 1403 3373 Max.
1427 3324 1501 3385 iv,
1522 3327 1575 3382 4,
1593 3328 1626 3374 4

560 3391 625 3435 et
645 3390 696 3435 5.
764 3394 817 3435 at
841 3386 892 3434 in
917 3394 1140 3451 utroque
1157 3387 1274 3436 ioco
1296 3388 1397 3437 Ms-
1418 3389 1483 3438 B.
1511 3389 1628 3438 Pul.

560 3449 988 3510 arcessebantur,
1009 3455 1106 3502 ὅτε.
1142 3452 1345 3516 Capitis
1364 3453 1399 3504 J
1422 3457 1488 3503 70
1523 3454 1628 3504 Ga·

561 3512 759 3564 binium
786 3530 885 3579 quo
904 3516 1073 3580 major
1090 3519 1374 3568 auctoritas
1403 3518 1630 3569 sermoni

558 3579 757 3631 inesset
794 3582 838 3631 C
870 3585 935 3630 40
1020 3583 1289 3634 arcessivit
1333 3583 1372 3631 F
1409 3587 1527 3645 286,
1568 3588 1630 3634 18

555 3651 831 3710 argentum
873 3654 1106 3696 mutuum
1128 3648 1170 3697 F
1192 3653 1310 3708 292,
1328 3652 1391 3699 18
1474 3649 1632 3714 legio-

556 3724 657 3762 nes
683 3712 734 3760 in
779 3717 953 3761 monte
1092 3712 1193 3763 itas
1237 3715 1279 3763 F
1309 3717 1426 3775 811,
1465 3717 1498 3763 8
1564 3714 1632 3763 ad

558 3774 755 3827 bellum
778 3776 951 3825 Gallos
1011 3780 1020 3797 ⁸
1045 3782 1111 3827 52

555 3884 563 3891 ,
626 3839 792 3891 Arete
836 3844 1000 3891 colam
1046 3858 1128 3892 me
1173 3846 1450 3908 opulenter
1490 3845 1525 3897 J
1569 3849 1631 3895 85

558 3906 721 3956 aretis
758 3906 881 3957 loeis
922 3908 1174 3969 Ρ815,11
1256 3924 1408 3975 quam
1454 3910 1635 3960 arctis·

556 3969 684 4020 sine
709 3972 788 4020 ire
813 3971 1016 4034 pedttes
1048 3974 1081 4025 J
1115 3977 1181 4023 68
1268 3974 1465 4039 reliqua
1487 3978 1634 4039 signa

558 4033 613 4084 in
630 4035 867 4085 subsidiis
891 4046 1086 4087 arctius
1104 4039 1329 4090 collocat
1351 4040 1394 4089 C
1418 4046 1483 4090 59
1549 4042 1636 4089 lia·

556 4097 754 4149 bebunt
776 4100 816 4148 F
832 4104 949 4164 804,
974 4105 1007 4150 4
1073 4106 1160 4168 qui
1180 4119 1235 4151 se
1259 4105 1312 4153 in
1336 4104 1555 4154 victoria
1582 4105 1638 4153 li-

552 4165 778 4221 centius,
801 4164 1116 4232 liberiusque
1150 4184 1305 4232 quam
1328 4171 1540 4235 arctius,
1560 4170 1635 4220 fn·

558 4234 706 4277 uiros
726 4229 1011 4281 credebant
1044 4232 1086 4282 F
1105 4237 1221 4294 844,
1245 4240 1307 4285 18
1567 4244 1574 4251 ’

625 4290 865 4344 Ardebat
886 4296 1059 4348 animo
1077 4298 1274 4348 mederi
1285 4298 1536 4351 fraterna
1558 4299 1631 4350 in·

1696 2607 1834 2672 jecit
1871 2609 1913 2657 F
1942 2610 2059 2668 uo,
2095 2611 2154 2656 ιτ
2245 2614 2398 2671 teger

1244 360 1492 423 mmm
1543 368 2098 421 onauua‘rtcus

1713 518 1864 568 vidia
1884 518 1920 569 J
1945 522 2010 568 89
2074 517 2142 567 ad
2165 532 2224 568 re
2421 514 2581 566 denda
2597 515 2737 567 ulta·

1711 581 1853 634 facta
1877 592 1969 634 aut
1991 582 2136 634 dicta
2159 598 2219 634 ar
2254 592 2310 633 et
2329 582 2556 633 omnibus
2567 584 2736 632 animas

1715 650 1755 698 F
1777 653 1894 709 847,
1937 653 2000 699 16
2077 650 2266 699 ardens
2311 650 2360 697 in
2408 647 2738 711 cupiditatib-

1711 715 1798 765 C5
1836 715 2006 779 quue
2027 727 2300 765 commune
2320 713 2497 765 babuit
2510 728 2616 763 cum
2636 712 2741 763 Bra-

1714 788 1794 840 to‚
1809 783 1898 846 qni
1919 782 1983 829 de
1999 795 2095 829 suo
2118 780 2324 844 ingenio
2343 780 2420 829 sic
2436 779 2740 842 pronunciat

1712 842 1972 910 Quicquid
2019 847 2176 908 cupio
2230 846 2561 899 veliementer
2598 842 2739 906 cupio.

1712 912 1898 961 Cicero
1919 911 2084 974 Epist.
2132 910 2291 961 Hand
2329 908 2587 974 proculab
2621 907 2741 959 ardo·

1715 976 1856 1028 ribus
1876 977 1911 1031 J
1935 981 1999 1027 18
2659 1010 2666 1017 ·

1776 1040 2012 1093 Arduum
2037 1040 2274 1106 inprimis
2298 1041 2507 1091 videtur
2527 1040 2568 1089 C
2588 1043 2616 1089 8

1777 1106 2014 1159 Arenoso
2036 1107 2175 1157 humi
2199 1106 2483 1171 gignuntur
2502 1106 2536 1157 J
2557 1109 2617 1154 48

1778 1172 2004 1237 Argenti
2045 1189 2166 1223 cnm
2207 1188 2310 1224 uon
2359 1172 2504 1237 parvi
2547 1169 2741 1234 pondere

1709 1236 1856 1305 (equi
1879 1239 2055 1301 multi)
2071 1239 2105 1291 J
2131 1242 2200 1287 29
2255 1237 2432 1302 pondo
2449 1237 2652 1300 imperat
2669 1236 2742 1283 da·

1710 1310 1865 1354 centa
1884 1305 2046 1355 millia
2066 1303 2100 1355 J
2123 1308 2190 1353 62
2257 1302 2538 1352 exereitum
2559 1307 2743 1365 argento

1709 1368 1838 1419 fecit
1857 1370 1900 1419 F
1916 1373 2036 1431 822,
2059 1374 2121 1419 10
2353 1382 2412 1417 οε
2431 1368 2630 1417 Romam
2649 1367 2745 1415 mit·

1709 1433 1777 1483 tit
1823 1449 1943 1485 cum
1987 1441 2204 1497 argento
2241 1434 2411 1484 multo
2449 1433 2485 1484 J
2531 1435 2586 1481 18
2657 1444 2741 1479 are

1709 1500 1934 1549 solutum
1972 1507 2055 1549 est
2075 1500 2119 1549 C
2144 1502 2206 1548 88
2685 1550 2690 1555 ,

1773 1562 2043 1627 Arguituri
2070 1562 2257 1613 falsum
2280 1561 2445 1612 filium
2471 1563 2635 1623 F292,
2653 1565 2705 1610 10

1773 1628 2109 1694 Argumentis
2129 1645 2142 1678 z
2169 1630 2221 1678 in
2243 1627 2443 1678 fiducia
2462 1642 2604 1690 quan,
2625 1639 2746 1688 argu·

1709 1696 1901 1810 ilu2entis
1913 1696 2238 1759 purgatiores
2254 1694 2584 1743 dimittuntur
2606 1692 2640 1742 F
2654 1695 2747 1753 291,

1781 1823 1947 1877 Arida
1970 1825 2086 1891 loca
2110 1831 2270 1890 atque
2294 1830 2449 1875 vasta
2465 1824 2501 1876 J
2523 1828 2582 1873 75

1774 1888 1937 1939 Arma
1975 1904 2162 1954 parare
2208 1889 2250 1938 C
2275 1893 2342 1939 24
2410 1887 2606 1953 portari
2640 1886 2745 1939 CB·

1710 1963 2004 2006 sumserunt
2041 1956 2085 2005 C
2108 1960 2168 2004 51
2239 1969 2341 2004 non
2390 1955 2615 2005 texerint
2640 1952 2747 2001 058

1709 2020 1776 2070 ab
1801 2020 2034 2071 hostibus
2071 2025 2312 2070 avertere
2336 2019 2383 2069 C
2407 2025 2474 2069 58
2538 2032 2666 2069 arma
2682 2024 2747 2066 tn·

1711 2092 1821 2136 tata
1842 2094 1963 2136 sunt
1987 2085 2242 2135 Numidas
2258 2086 2292 2136 J
2318 2089 2385 2135 74
2453 2084 2622 2135 decori
2659 2094 2748 2133 esse

1708 2152 1742 2203 J
1765 2155 1828 2201 85
1863 2152 1897 2203 J
1923 2155 1987 2201 94
2053 2149 2304 2214 expedire
2329 2149 2366 2200 J
2415 2154 2509 2200 105
2587 2148 2748 2223 bellun

1706 2223 1868 2281 atque
1890 2230 2032 2266 arma
2056 2216 2200 2265 vobis
2219 2216 2391 2265 i'nvisa
2414 2215 2458 2264 F
2477 2219 2592 2277 280,
2610 2218 2640 2264 6
2668 2226 2751 2276 pn·

1709 2289 1834 2332 vata
1872 2280 2232 2347 opprimendae
2253 2281 2519 2332 libertatis
2555 2279 2752 2343 cepisset

1710 2346 1753 2396 F
1776 2350 1895 2411 281,
1915 2353 1948 2395 5
2014 2346 2241 2396 retineas
2264 2353 2320 2396 te
2340 2347 2531 2397 hortor
2551 2346 2591 2396 F
2608 2349 2710 2404 284,
2724 2346 2749 2393 8

1709 2412 1899 2463 Verbis
1945 2410 2211 2462 tentabitis
2234 2410 2575 2476 (conabimini
2605 2407 2750 2458 verbis

1710 2491 1968 2527 aratorum
1987 2478 2087 2526 vim
2103 2476 2392 2540 repellere)
2413 2477 2458 2527 F
2475 2480 2590 2532 284.
2604 2480 2635 2525 8
2669 2475 2754 2533 but

1707 2542 2029 2593 convertisse
2045 2541 2088 2590 F
2109 2546 2226 2605 815,
2245 2545 2308 2591 21
2331 2542 2653 2592 inimicorum
2669 2540 2756 2589 dis·-

2399 2622 2432 2658 e
2473 2608 2753 2668 libertam,

1710 2672 1931 2736 patriam
1969 2673 2012 2722 C
2033 2675 2067 2721 6
2111 2680 2167 2723 et
2204 2671 2240 2723 J
2264 2676 2348 2722 87.
2418 2672 2510 2722 Sic
2550 2670 2755 2730 Tacitus,

1711 2752 1895 2787 auruum
1919 2752 2018 2787 non
2045 2743 2096 2786 te
2136 2736 2176 2786 it
2199 2736 2301 2787 An.
2315 2741 2402 2787 82.
2421 2739 2459 2797 i,
2479 2742 2559 2787 28.
2585 2735 2755 2801 fugien-

1707 2810 1806 2866 tes,
1833 2803 2063 2865 -paiudes
2149 2817 2201 2851 n.
2221 2807 2304 2853 26.
2363 2803 2597 2867 tegenda
2625 2800 2753 2851 amb

1705 2868 1819 2917 vita
1829 2872 1880 2929 6,
1899 2872 1951 2917 2.
1973 2867 2178 2917 decoris
2191 2867 2482 2919 lubidinem
2501 2866 2753 2919 habebatc

1703 2937 1736 2983 7
1755 2941 1976 2997 recepta
1990 2933 2148 2994 Resp.
2173 2933 2291 2983 Cll
2313 2948 2436 2997 que
2459 2933 2753 2997 ammiane·

1705 3005 1882 3049 terent
1907 3000 1952 3049 C
1976 3002 2036 3047 21
2073 3005 2128 3048 et
2163 3002 2228 3047 87
2295 3008 2548 3062 parerent
2581 2998 2754 3048 donin

1706 3065 1750 3113 C
1771 3067 1837 3113 86
1901 3064 1952 3112 in
1977 3063 2131 3121 annis
2148 3063 2190 3114 C
2214 3067 2276 3112 87
2343 3065 2523 3115 onmia
2555 3072 2611 3113 et
2625 3064 2750 3112 laeta

1703 3128 1956 3191 compleri
1982 3126 2025 3178 C
2046 3134 2106 3178 51
2177 3129 2495 3179 militaribus
2525 3131 2755 3179 inauaeta

1704 3194 1749 3243 C
1769 3199 1837 3243 56
1901 3207 2088 3257 rogere
2109 3195 2143 3244 J
2172 3198 2233 3243 10
2299 3196 2618 3245 contendere
2636 3195 2670 3245 J
2701 3194 2750 3241 18

1702 3273 1886 3322 parem
1909 3274 1967 3310 se
1987 3260 2021 3310 J
2055 3263 2123 3308 20
2172 3259 2506 3310 retinendum
2525 3261 2560 3312 J
2585 3265 2642 3311 21
2681 3272 2753 3307 ex-

1702 3338 1937 3388 pugnare
1973 3324 2169 3374 Cirtam
2191 3326 2224 3376 J
2253 3328 2317 3373 28
2385 3324 2622 3377 diffidere
2652 3323 2752 3375 ,150

1703 3392 1752 3437 in
1797 3391 1954 3440 armis
1996 3390 2169 3440 ornuia
2187 3390 2309 3440 .sita
2329 3391 2366 3442 J
2403 3397 2468 3441 51
2553 3389 2752 3454 virisque

1700 3457 2002 3517 opulentum
2020 3454 2268 3519 oppidum
2291 3455 2325 3508 J
2344 3462 2413 3507 57
2481 3456 2666 3507 bellum
2681 3467 2754 3520 p·-

1703 3534 1818 3570 rum
1858 3520 2174 3582 procedebat
2212 3521 2247 3573 J
2270 3525 2332 3571 61
2367 3523 2406 3573 J
2427 3525 2495 3572 78
2559 3524 2751 3571 exueret

1700 3585 1737 3636 J
1760 3589 1826 3635 88
1859 3586 1902 3635 F
1924 3589 2042 3646 882,
2058 3592 2090 3636 6
2124 3594 2395 3638 constrata
2415 3588 2600 3637 bunius
2617 3586 2650 3638 J
2672 3587 2748 3635 m

1705 3650 2016 3701 velitaribus
2038 3651 2072 3703 J
2102 3656 2195 3702 105
2261 3653 2510 3716 queniam
2553 3651 2751 3715 amplia·

1705 3716 2033 3769 valuisse-its
2062 3721 2148 3767 111
2219 3717 2272 3767 in
2296 3717 2552 3767 Civilibus
2570 3717 2749 3766 diversa

1705 3795 1825 3845 pars
1847 3782 2117 3837 novitiae
2140 3797 2173 3833 a
2193 3798 2317 3835 vero
2341 3783 2382 3832 F
2403 3786 2524 3842 272,
2547 3786 2578 3831 8
2621 3779 2748 3829 fem

1707 3860 1869 3909 genus
1894 3847 1935 3896 F
1957 3851 2074 3908 274,
2094 3852 2126 3897 8
2191 3846 2465 3897 solicitata
2505 3845 2748 3909 Hiqaaia

1706 3911 1749 3960 F
1770 3915 1888 3973 282,
1911 3916 1939 3962 1
2008 3914 2164 3961 annis
2180 3912 2352 3961 cultus
2376 3913 2602 3969 1²20?st
2630 3908 2749 3973 ιρὰ

1710 3976 1751 4025 F
1771 3980 1886 4035 809,
1908 3984 1938 4027 4
1984 3977 2235 4026 abstinuit
2261 3977 2299 4025 F
2315 3980 2428 4037 814,
2445 3981 2478 4026 8
2521 3976 2588 4023 ab
2605 3972 2746 4025 anth

1708 4040 1927 4091 dimittit
1954 4043 1996 4091 F
2013 4046 2131 4103 829,
2150 4046 2180 4091 8
2245 4053 2593 4105 quantumque
2612 4037 2746 4088 armis

1709 4107 1846 4166 viris,
1863 4106 2129 4167 opulentia
2155 4114 2330 4169 posset
2351 4108 2392 4156 F
2409 4110 2526 4166 848,
2549 4110 2605 4154 11
2637 4105 2746 4153 Cer-

1701 4175 2060 4287 33⁰ngssss
2075 4174 2277 4290 Jpfiggfi’
2293 4165 2743 4302 :gquffitinn3=

1693 4314 1832 4365 opes
1853 4302 2082 4353 virorum
2106 4308 2430 4354 amorumet
2447 4300 2562 4351 auri
2585 4300 2624 4349 Ρ
2642 4302 2744 4359 stt,
