2984 4892
1115 454 1209 507 ΒΤ
1252 452 1635 510 curtens-

326 599 591 666 colligere
611 598 840 651 sarcinas
861 600 897 654 J
918 604 983 652 97

332 667 569 718 Collocst
581 667 729 730 signs
747 666 800 716 iu
819 664 1058 716 subsidiis
1077 667 1267 718 arctius
1287 667 1333 718 C

266 736 333 782 59
419 746 537 782 suos
579 731 614 784 J
660 736 726 781 49
809 733 1081 782 sdversum
1126 732 1331 796 pedites

264 797 485 847 bostium
530 796 566 848 J
610 802 671 847 51
757 796 809 846 iu
848 797 1168 861 provinciam
1215 812 1332 862 qum

265 862 502 927 proxime
522 868 604 912 est
626 862 885 912 Numidia».
914 861 1195 926 hyemandi
1218 877 1332 926 grs-

265 926 343 1042 tcia
359 927 583 977 collocat
603 927 639 979 J
661 930 723 976 61
794 927 1046 992 praesidiis
1067 927 1335 985 collocetis

332 1057 634 1123 Colloquio:
668 1058 721 1107 in
746 1059 847 1108 coll
917 1059 1003 1108 nio
1026 1058 1184 1109 verbs
1204 1057 1334 1108 fecit

265 1121 383 1173 J88
449 1124 585 1173 diem
606 1124 849 1188 diligeret
928 1127 1022 1174 108
1088 1123 1225 1173 diem
1243 1124 1335 1173 de·

265 1195 468 1238 cretum
505 1189 539 1241 J
565 1192 659 1239 118
728 1188 976 1252 permisso
1013 1188 1259 1239 militibus
1294 1189 1334 1238 F

220 1294 225 1295 γ
265 1256 382 1315 826,
402 1258 435 1303 8
501 1255 646 1320 qussi
673 1254 736 1302 de
776 1268 906 1318 pace
941 1254 997 1304 in
1019 1253 1331 1320 colloquium

266 1320 534 1369 veniretur
554 1318 590 1370 J
618 1322 711 1368 118

332 1383 547 1434 Colonia
568 1383 810 1434 Thereon
840 1385 875 1436 J
900 1388 963 1434 19
1024 1392 1081 1435 et
1118 1384 1332 1435 munici-

266 1446 357 1513 pis
378 1449 635 1513 patebunt
676 1451 720 1500 C
756 1454 822 1499 58
887 1448 1201 1500 frumentum
1239 1465 1334 1514 per

265 1514 547 1577 municipis
571 1523 627 1581 et
649 1515 879 1565 colonias
898 1515 1026 1564 ‘dere
1066 1516 1108 1565 Ρ
1131 1518 1248 1575 847,
1270 1520 1328 1565 11

264 1579 417 1630 multi
438 1594 504 1628 ex
529 1581 733 1630 colonia
769 1587 826 1629 et
865 1580 1161 1643 municipiis
1201 1580 1245 1630 C
1271 1585 1331 1629 17

264 1643 588 1694 deducendis
609 1645 960 1695 Triumvirum
982 1646 1018 1696 J
1039 1648 1105 1695 42
1168 1646 1223 1694 in
1247 1659 1333 1695 co-

264 1708 417 1760 loniis
437 1712 747 1761 constitutas
770 1710 813 1760 F
835 1714 952 1773 852,
978 1714 1038 1761 18

256 1776 271 1835 j
332 1775 487 1824 Colos
531 1775 579 1824 ei
621 1776 896 1841 exsanguis
934 1775 977 1824 C
1021 1780 1079 1826 15
1163 1776 1332 1825 Varro

263 1839 537 1891 Prometh.
574 1841 916 1903 exsanguibus
940 1840 1117 1891 dolore
1138 1842 1332 1891 evires-

264 1912 355 1955 cat
411 1906 570 1956 colos.
666 1907 756 1956 Sic
798 1906 964 1969 labos,
1005 1905 1147 1969 odos,
1191 1906 1331 1970 apud

262 1971 471 2021 Terent.
485 1979 541 2021 et
560 1970 823 2021 Plautum.
870 1971 1037 2035 vultu,
1053 1974 1249 2033 colore,
1270 1986 1332 2020 sc

262 2044 413 2086 motu
434 2037 666 2102 corporis
702 2043 860 2103 atque
901 2037 1071 2087 auimo
1104 2037 1274 2087 varius
1295 2035 1329 2087 J

336 2166 582 2217 Cominus
606 2169 800 2218 acriter
827 2169 1023 2220 instare
1059 2169 1102 2218 C
1126 2172 1192 2217 60
1257 2166 1332 2218 fs·

263 2231 403 2282 ciem
424 2246 566 2282 susm
590 2234 896 2285 ostentabat
920 2235 963 2283 F
985 2238 1100 2295 827,
1121 2237 1187 2283 22

333 2298 620 2348 Comitatus
642 2297 982 2364 Allobrogum
1007 2313 1101 2364 per
1124 2297 1331 2349 insidias

262 2361 659 2426 deprehendunt
682 2365 812 2414 040

332 2428 568 2479 Comitiis
589 2429 777 2480 habitis
804 2430 849 2481 C
869 2433 936 2481 2⁴

262 2492 382 2544 dies
403 2495 547 2545 venit
571 2496 615 2545 C
636 2499 702 2545 26

333 2560 746 2612 Commsculares
797 2569 851 2612 te
909 2577 1028 2613 cum
1074 2561 1335 2625 Jugurtbs

261 2624 530 2675 miscendo
571 2626 603 2677 J
653 2631 750 2676 102
856 2640 1073 2692 quorum
1123 2624 1334 2690 flagitiis

261 2692 731 2742 commacularetur
750 2693 860 2742 laus
884 2695 1133 2744 bonorum
1161 2692 1201 2740 F
1219 2695 1334 2753 848,

262 2759 329 2806 11
412 2764 608 2821 preter
644 2759 896 2808 satellites
930 2757 1332 2809 commaculatos

257 2821 309 2873 F
328 2824 448 2881 278,
474 2826 500 2871 1
569 2836 625 2871 se
647 2823 843 2875 ambitu
867 2823 978 2874 Cic.
1004 2837 1098 2887 pro
1122 2821 1249 2872 Cael.

333 2886 718 2939 Commentibus
757 2889 907 2939 initio
951 2886 1146 2953 parntis
1186 2887 1219 2938 J
1267 2891 1333 2936 28

261 2953 638 3003 Commercstis
674 2955 736 3017 (i.
757 2969 806 3004 e.
852 2954 1076 3004 abeundi
1120 2952 1335 3003 licentia

259 3019 493 3084 pecnnia
514 3018 759 3083 quesita)
774 3021 817 3069 F
831 3024 947 3083 820,
966 3025 998 3069 2
1036 3020 1164 3085 (quo
1180 3032 1332 3067 sensu

260 3082 409 3147 apud
456 3084 659 3136 Livium
724 3086 956 3151 aliosque
999 3082 1331 3149 saepissime).

258 3149 452 3199 Parati
475 3148 786 3201 frumentum
812 3151 954 3211 dare,
988 3156 1337 3200 commeatum

258 3220 479 3280 portare
499 3215 532 3266 J
550 3219 617 3265 46
670 3212 761 3265 ubi
781 3215 1098 3279 stipendium
1121 3224 1177 3264 et
1199 3228 1335 3264 com·

256 3286 495 3330 mentum
517 3281 776 3332 locaverat
797 3283 831 3333 J
863 3286 928 3331 90
993 3294 1088 3345 spe
1112 3280 1335 3343 amplior

258 3345 297 3398 J
343 3348 406 3394 75
490 3347 742 3411 multique
782 3346 1093 3396 interierant
1133 3343 1335 3396 insidiis

257 3412 526 3461 latronum
551 3412 592 3461 F
612 3416 730 3475 ess,
756 3417 783 3461 1
848 3446 853 3451 .

333 3475 796 3528 Commemorsndo
820 3475 1107 3542 exprobres
1143 3476 1187 3525 F
1218 3479 1336 3540 864,

252 3545 297 3591 2
365 3541 489 3606 quid
512 3543 665 3606 plura
686 3544 753 3593 de
795 3550 884 3593 tos
904 3540 1180 3592 insolentia
1201 3555 1339 3592 com-

259 3619 546 3657 memorem
569 3609 612 3658 F
635 3613 751 3669 864,
770 3613 804 3659 9

274 3694 291 3707 -
334 3671 786 3724 Commendationl
826 3686 956 3723 mete
998 3671 1187 3722 tribuit
1208 3670 1337 3721 fidu-

262 3737 400 3788 ciam
440 3740 654 3804 egregie
691 3745 784 3789 tus
816 3738 949 3788 fides
1000 3738 1045 3788 C
1084 3742 1147 3787 85
1236 3736 1337 3787 tibi

260 3804 591 3868 commendo,
614 3812 821 3872 tuteque
838 3803 964 3854 fidei
988 3803 1207 3853 trodo-C
1225 3805 1287 3853 85

332 3869 656 3920 Commentis
675 3869 1028 3935 prohibebunt
1048 3869 1229 3934 ignara
1244 3867 1340 3917 liu·

331 4001 679 4051 Comminntoe.
715 4016 831 4051 nuae
868 4008 925 4051 et
959 4001 1139 4050 alterae
1179 3998 1339 4049 scala

262 4063 302 4116 J
322 4069 391 4114 60
456 4067 602 4131 regni
627 4082 754 4132 opes
777 4067 813 4119 J
835 4071 903 4116 68

332 4130 676 4182 Commiserst
716 4131 949 4182 audaciae
1004 4130 1168 4180 virilis
1210 4128 1338 4179 faci-

262 4208 397 4245 nora
417 4196 463 4245 C
483 4201 547 4245 25
616 4198 945 4247 committere
980 4196 1034 4245 in
1069 4208 1125 4245 se
1146 4196 1341 4245 malum

262 4259 468 4310 facinus
506 4262 548 4311 F
573 4266 775 4327 858,22
878 4262 930 4310 ui
965 4262 1167 4311 scelera
1200 4274 1339 4309 com-

263 4325 405 4377 mitti
428 4333 622 4390 vetem,
641 4328 825 4377 Sento.
888 4326 1102 4377 boeniss:
1124 4329 1237 4377 887.
1280 4330 1337 4377 st

263 4390 374 4443 Hs.
421 4390 580 4460 (torp.
621 4391 817 4445 Christi
854 4392 1078 4458 Sceptra
1121 4402 1258 4446 com.
1282 4407 1336 4444 v.

1002 2428 1332 2481 comitiorum

2327 432 2480 516 xliii

1407 603 1545 654 unde
1564 618 1599 653 s
1619 601 1920 657 ferentariis
1950 590 2192 671 praelium
2226 604 2482 658 committi

1406 669 1575 733 possit
1599 669 1642 718 C
1665 674 1731 719 60

1474 734 1791 785 Commodo:
1833 734 2132 785 inimicitias
2156 748 2225 785 ex
2261 750 2307 785 c.
2344 735 2481 786 testi·

1406 813 1551 848 mere
1574 799 1618 848 C
1645 804 1707 849 10
1772 816 1839 849 ex
1861 800 2130 851 commodo
2155 814 2377 864 pugnem
2403 800 2479 851 fs·

1406 878 1528 913 cere
1550 864 1588 916 J
1611 869 1675 914 82
1740 864 1809 914 de
1845 866 1910 914 P.
1943 866 2007 915 R.
2049 866 2317 916 commodo
2356 880 2475 916 cnm

1406 929 1470 978 iis
1493 929 1745 978 disserere
1766 930 1801 981 J
1822 935 1919 979 102
1961 931 2125 995 majus
2148 945 2215 978 ex
2235 931 2343 980 otio
2361 945 2479 981 meo

1407 994 1562 1058 Reip.
1597 1002 1865 1044 venturum
1901 995 1936 1047 J
1962 1001 1993 1046 4
2059 997 2216 1059 Regis
2239 993 2476 1045 omuibus

1408 1059 1514 1108 suis
1536 1059 1689 1109 rebus
1711 1059 1998 1109 anteferret
2016 1060 2049 1111 J
2072 1066 2134 1110 16
2176 1058 2312 1124 quod
2337 1075 2474 1109 com-

1407 1125 1617 1174 modum
1640 1133 1719 1175 est
1744 1126 1975 1189 trahunt,
2000 1125 2212 1190 rapiunt
2249 1124 2293 1174 P
2314 1128 2430 1187 850,
2447 1128 2478 1174 7

1473 1189 1936 1240 Commouefacere
1959 1189 2200 1240 beneficii
2240 1189 2319 1239 sui
2355 1189 2388 1241 J
2412 1194 2482 1240 49

1407 1256 1485 1304 uti
1500 1268 1593 1304 nos
1608 1254 2040 1305 commonefacias
2060 1270 2213 1321 quam
2231 1268 2484 1305 conversa

1409 1321 1479 1369 sit
1503 1319 1660 1384 Resp.
1688 1321 1726 1369 F
1746 1323 1860 1385 862,
1885 1325 1947 1371 12

1472 1386 1834 1435 Commorstus
1859 1385 2124 1448 paululum
2149 1385 2193 1436 C
2216 1390 2282 1435 59

1473 1449 1733 1500 Commori
1757 1450 1989 1500 hostibus
2024 1452 2067 1501 F
2098 1454 2216 1509 286,
2243 1454 2302 1501 18
2368 1465 2478 1500 mu·

1408 1515 1522 1629 ffi'bi
1548 1516 1635 1629 fiio
1647 1516 2002 1629 bHegesippus
2026 1516 2063 1580 i,
2081 1519 2143 1566 17
2188 1517 2263 1566 sic
2299 1516 2482 1566 Codex

1518 1615 1531 1629 .
1613 1596 1642 1629 u
1683 1617 1696 1631 .

1475 1646 1772 1696 Commotus
1808 1654 1949 1696 metu
1982 1652 2141 1713 atque
2177 1645 2408 1696 lubidine
2440 1645 2477 1698 J

1405 1714 1468 1760 25
1539 1711 1745 1761 insolita
1783 1726 1840 1761 re
1872 1713 1906 1763 J
1938 1716 2001 1762 64
2068 1726 2241 1776 neque
2279 1718 2480 1761 terrore

1407 1790 1439 1824 n
1509 1789 1574 1825 ue
1598 1777 1769 1839 grstia
1791 1778 1834 1827 F
1856 1780 1972 1838 868,
1997 1780 2059 1826 12

1518 1856 1776 1902 ommuue,
1812 1843 2031 1892 alterum
2056 1856 2170 1892 cum
2202 1841 2320 1901 Dis,
2352 1841 2481 1891 alte-

1406 1919 1521 1955 rum
1545 1920 1662 1955 cum
1683 1907 1866 1957 belluis
1887 1907 1930 1957 C
1950 1911 1974 1956 1
2049 1908 2198 1972 cujus
2217 1907 2476 1957 arbitratu

1408 1973 1762 2022 communibus
1799 1972 2024 2037 negotiis
2047 1972 2406 2022 consuleretur
2439 1972 2476 2024 J

1408 2041 1503 2086 105
1527 2037 1797 2113 utriusque
1811 2037 1989 2102 populi
2004 2036 2122 2087 fluis
2137 2039 2166 2089 J
2187 2041 2254 2086 79
2309 2051 2375 2086 uo
2393 2051 2477 2087 res

1407 2116 1540 2152 com.
1554 2102 1796 2153 licentius
1810 2103 2121 2168 gerereturJ
2144 2106 2241 2152 108
2295 2108 2485 2152 ortuna

1406 2167 1642 2229 asperior
1659 2168 1826 2230 Ρ824,
1851 2172 1912 2217 10
1977 2168 2263 2218 nobilitatis
2285 2168 2477 2217 melum

1406 2233 1439 2284 J
1464 2237 1529 2281 64
1596 2234 1820 2282 omnium
1859 2239 2098 2283 naturam
2133 2233 2168 2285 J
2201 2236 2265 2283 85
2332 2232 2474 2281 bebi·

1407 2302 1520 2347 tum
1544 2303 1895 2363 transgressus
1937 2300 1977 2348 1··
2014 2302 2180 2361 822,5
2249 2298 2479 2347 omnium

1406 2363 1585 2413 hostes
1615 2377 1727 2413 esse
1761 2363 1796 2416 J
1834 2367 1894 2413 81
1964 2378 2060 2430 pro
2097 2364 2355 2413 communi
2388 2362 2481 2412 im-

1408 2428 1558 2495 perio
1572 2429 1812 2507 privatim
1828 2428 1926 2478 sibi
1943 2430 2159 2495 quisque
2176 2429 2481 2478 servitutem

1410 2501 1621 2559 peperit.
1645 2495 1686 2543 F
1711 2499 1826 2558 852,
1851 2500 1882 2544 5
1952 2493 2354 2545 necessitutibus
2378 2492 2481 2558 pri·

1409 2560 1573 2611 vatim
1595 2559 1719 2610 milti
1750 2561 2023 2613 consulere
2044 2561 2086 2610 F
2105 2564 2220 2621 298,
2241 2563 2306 2609 19

1477 2624 1805 2675 Communiss
1847 2639 1979 2689 rem,
2033 2625 2369 2689 stabiliusque
2436 2623 2480 2673 P

1410 2693 1528 2751 851,
1556 2694 1618 2739 16
1684 2705 1803 2740 suos
1826 2691 1969 2740 locos
1989 2690 2302 2753 (segni-tha)
2323 2690 2356 2740 J
2379 2692 2447 2738 66

1475 2755 1898 2805 Communicssse
1921 2769 2128 2805 causam
2152 2754 2347 2804 civium
2363 2767 2482 2802 cum

1410 2820 1584 2870 servis·
1611 2819 1848 2883 fugitivis
1890 2819 1933 2869 C
1971 2823 2038 2870 56
2087 2819 2481 2873 ,communicato

1412 2885 1630 2937 consilio
1653 2887 1696 2935 C
1723 2890 1785 2934 18
2001 2928 2007 2935 .
2275 2892 2288 2915 ¹

1475 2952 1810 3001 Commutare
1865 2948 2058 3016 (tuem)
2116 2947 2479 3000 contumelium

1409 3019 1525 3066 vita
1547 3029 1640 3066 sue
1661 3017 1704 3066 F
1726 3020 1839 3079 851,
1861 3020 1922 3066 10
1968 3014 2307 3066 commutatio
2331 3021 2481 3065 tanta

1411 3082 1625 3132 incessit
1648 3091 1923 3146 postquam
1960 3081 1994 3132 J
2022 3085 2082 3131 18
2150 3076 2482 3130 commutatis

1411 3147 1682 3197 ordinibus
1701 3147 1737 3199 J
1759 3151 1828 3197 49
1847 3155 1905 3197 et
1931 3150 2021 3197 101

1478 3214 1801 3277 Compersnt
1842 3213 1990 3261 simul
2035 3209 2383 3260 delenimento
2426 3213 2482 3258 et

1412 3277 1659 3328 differunt
1680 3292 1772 3328 vos
1795 3278 1848 3326 in
1872 3277 2155 3327 adventum
2195 3275 2238 3324 F
2279 3278 2395 3337 806,
2417 3277 2483 3323 10

1412 3343 1723 3405 exercitum,
1762 3358 1858 3408 pro
1894 3350 2128 3407 tempore
2154 3348 2211 3390 et
2246 3339 2483 3405 periculo

1414 3411 1457 3460 C
1482 3413 1548 3459 80
1612 3408 1819 3459 domum
1840 3415 1982 3459 tuam
2007 3408 2054 3456 vi
2089 3413 2146 3456 et
2168 3404 2364 3470 rapinis
2401 3402 2484 3454 fu-

1412 3483 1616 3526 nestam
1658 3474 1753 3524 tibi
1800 3489 1862 3524 sc
1911 3474 2015 3524 tuis
2055 3474 2098 3522 F
2137 3476 2253 3532 862,
2290 3474 2353 3520 12
2419 3468 2485 3519 iis

1414 3540 1629 3606 (poenis)
1646 3539 1896 3590 utendum
1917 3553 2106 3589 censeo
2132 3552 2248 3602 qnae
2283 3534 2484 3598 legibus

1413 3605 2014 3722 {3325ssssssssssss
2027 3607 2486 3729 „12222‘321523213’42

1412 3737 1448 3789 J
1472 3741 1537 3787 85
1605 3736 1693 3801 qui
1718 3737 1816 3785 hoc
1847 3735 2035 3785 molum
2059 3732 2321 3797 publicum
2343 3729 2487 3779 clan-

1415 3801 1636 3852 destinis
1679 3800 1906 3852 consiliis
1964 3798 2397 3870 comparaverunt
2439 3793 2485 3843 F

1414 3871 1531 3930 818,
1551 3870 1612 3916 18
1680 3865 1953 3916 Amicitias
1972 3878 2088 3913 cum
2109 3861 2263 3911 enimi
2281 3866 2485 3909 renone

1416 3937 1526 3982 tum
1560 3931 1766 3982 facilius
1802 3928 2100 3996 eloquentie
2136 3931 2483 3987 comparatus.

1415 3996 1547 4048 Cod.
1569 4004 1721 4047 vetus
1757 3994 2029 4045 Petu-ensis
2060 3991 2369 4042 amit-atione
2401 4004 2487 4039 sn·

1414 4076 1533 4127 prs,
1554 4061 1646 4111 sed
1666 4060 1957 4112 recentiore
1981 4072 2153 4121 manu,
2190 4057 2270 4107 Μ.
2293 4055 2486 4106 Cicero

1415 4127 1482 4177 de
1510 4129 1715 4178 Invent.
1740 4126 1776 4190 i,
1797 4129 1824 4175 1

1426 4204 1433 4215 ’
1481 4194 1682 4255 compe

1414 4258 1570 4308 bilem
1593 4258 1635 4306 F
1658 4260 1775 4317 849,
1799 4260 1822 4305 1
1894 4254 2200 4318 Comperior
2232 4264 2344 4315 tpse
2377 4249 2486 4299 col-

1410 4323 1533 4386 ligo.
1599 4321 1931 4380 Quaerebam,
1948 4316 2333 4382 comperiebam
2355 4313 2485 4365 nibil

1412 4389 1481 4440 sd
1504 4385 1854 4453 Pamphilum.
1890 4386 2012 4437 Ter.
2057 4380 2374 4448 comperior,
2413 4378 2484 4431 sb

1683 4191 1724 4240 ri
1748 4200 1913 4240 ortem
1933 4202 2083 4239 uinum
2105 4186 2315 4263 egregie
2333 4182 2487 4234 mirs-
