2984 4892
784 375 1611 486 nn'nEP.:onn1uAun4
1661 413 1773 462 ΕΡ.
1822 414 1906 463 11.
2175 373 2180 380 ⁵
2301 371 2457 467 4319

238 558 341 622 ,ter
366 556 649 631 ceteras,
678 557 889 618 artem
917 571 1118 620 unam
1147 556 1402 638 egregie
1420 557 1810 623 ‘mirabilem'
1831 563 2176 646 ·eomperi,·
2191 563 2453 649 semper

247 656 351 721 tibi
380 655 704 741 majorem
733 658 802 720 in
832 656 1163 738 adversis,
1185 679 1386 742 quam
1443 662 1505 724 in
1553 661 1862 726 secundis
1903 666 2103 729 rebus
2151 666 2447 732 animum

226 777 407 823 resse.
446 791 453 796 ·
500 759 639 824 Sed
664 779 786 843 per
814 766 1072 826 ceteros
1102 764 1435 828 mortalese
1460 765 1579 829 illa
1608 785 1711 830 res
1739 767 1990 833 clarior.
2009 776 2130 850 est,
2173 771 2354 854 quod
2385 775 2455 835 et

246 864 421 946 prius
451 862 697 928 defessi
727 864 857 932 sint
884 864 1185 934 homines
1223 867 1562 934 laudando
1591 873 1793 954 atque
1822 871 2211 938 admirando
2241 873 2452 938 muni-

245 963 567 1030 ficentiam
593 973 799 1044 tuam,
829 987 1029 1050 quam
1059 975 1129 1033 tu
1158 968 1488 1049 faciendo,
1507 992 1672 1055 ‘quae
1706 974 1914 1054 gloria
1940 974 2139 1057 digna
2167 982 2405 1041 essent.

230 1125 235 1132 .
318 1066 657 1151 Equidem
705 1069 865 1133 mihi
912 1070 1250 1136 decretum
1301 1080 1425 1152 est,
1460 1075 1631 1138 *nihil
1684 1082 1821 1141 tam
1867 1096 1958 1140 ex
2004 1078 2142 1142 alto
2180 1080 2452 1162 reperiri

245 1190 454 1264 posse,
504 1171 688 1254 quod
741 1192 875 1237 non
922 1174 1246 1255 cogitanti
1294 1177 1461 1239 tibi
1430 1197 1514 1239 m
1540 1183 1799 1260 promtu
1829 1180 1936 1243 sit.
2028 1178 2269 1265 Neque
2299 1201 2451 1264 ego,

228 1292 386 1357 ‘quae
425 1275 582 1340 visa
627 1281 805 1354 sunt,
864 1278 946 1341 de
997 1295 1134 1361 rep.
1179 1278 1302 1342 tibi
1362 1280 1621 1363 scripsi,
1676 1281 1841 1364 quia
1890 1280 2056 1345 mihi
2103 1283 2452 1349 consilium

230 1379 479 1462 -atque
458 1380 792 1462 ingenium
821 1398 1037 1444 meum
1071 1379 1359 1464 amplius
1405 1377 1631 1464 aequof
1671 1384 2089 1466 probaretur:
2136 1384 2252 1448 sed
2284 1386 2453 1450 inter

245 1477 497 1543 labores
526 1481 813 1557 militiae,
845 1482 1147 1565 interque
1175 1484 1432 1566 praelia,
1470 1484 1805 1562 victoriaS,
1838 1487 2212 1569 imperium,
2246 1488 2450 1553 statui

240 1580 720 1648 admonendum
773 1588 838 1646 te
884 1584 969 1648 de
1020 1585 1300 1665 negotiis
1352 1585 1646 1649 urbanis.
1737 1585 2050 1670 Namque
2098 1589 2222 1652 tibi
2267 1590 2324 1653 si
2355 1588 2452 1652 id⁸

242 1683 432 1748 modo
460 1687 531 1749 in
560 1691 829 1769 pectore
874 1686 1134 1752 consilii
1169 1695 1291 1766 est,
1344 1689 1440 1752 uti
1490 1692 1558 1752 te
1606 1689 1692 1752 ab
1735 1690 2147 1753 inimicorum
2200 1691 2451 1774 impetu

242 1787 557 1866 vindiceS,
584 1807 849 1873 quoque
878 1789 1078 1854 modo
1110 1795 1339 1854 contra
1363 1788 1714 1853 adversum
1739 1789 2104 1854 consulemh
2129 1791 2453 1856 beneficia

242 1892 467 1976 populi
498 1894 817 1957 retineas:
862 1894 1131 1976 indigna
1172 1895 1418 1958 virtute
1460 1899 1590 1957 'tua
1635 1895 1907 1975 cogites,
1993 1893 2217 1958 Sinin
2246 1899 2309 1957 te
2339 1893 2452 1959 ille

226 1995 497 2060 -animus
528 2001 656 2074 est,
687 1998 801 2079 qui
823 1998 970 2081 jam
999 2015 1042 2060 a
1069 1998 1400 2080 principio
1428 1996 1796 2060 nobilitatis
1819 1995 2176 2060 factionem
2205 1995 2449 2061 distur-

241 2097 441 2176 bavit,
465 2099 732 2183 plebem
757 2099 957 2165 Rom.
984 2119 1072 2164 ex
1095 2101 1283 2184 gravi
1308 2101 1619 2165 servitute
1643 2101 1712 2164 in
1737 2099 2108 2164 libertatem
2133 2100 2448 2179 restituit,

230 2199 302 2263 'in
326 2208 629 2285 praetura
657 2204 1075 2268 inimicorum
1105 2223 1292 2268 arma
1321 2204 1591 2267 inermis'
1622 2202 1912 2286 disjecit3
1958 2202 2137 2272 domi
2163 2202 2451 2269 militiae-

238 2309 575 2388 que.tanta
621 2312 691 2370 et
717 2312 856 2371 tam
883 2307 1207 2391 praeclara
1233 2307 1536 2374 facinora
1563 2306 1747 2384 fecit,
1784 2307 1879 2369 uti
1908 2324 1990 2368 ne
2019 2306 2271 2370 inimici
2301 2308 2452 2390 qui-

242 2403 381 2470 dem
409 2407 541 2476 fari
570 2408 932 2492 quicquam
960 2410 1264 2488 audeant,
1295 2410 1423 2475 nisi
1473 2409 1556 2473 de
1603 2409 2051 2491 magnitudine
2095 2417 2243 2473 tua:
2291 2409 2450 2492 quin

241 2509 469 2593 aecipe
499 2515 574 2573 tu
603 2529 706 2588 ea,
749 2530 904 2595 quae
950 2510 1167 2576 dicam
1219 2512 1301 2576 de
1330 2510 1606 2577 summai
1637 2509 2004 2596 republica.
2095 2508 2269 2589 Quae
2296 2529 2452 2593 pro·

238 2607 397 2676 fecto
428 2619 550 2675 aut
579 2620 651 2676 tu
677 2632 838 2677 vera
865 2613 1187 2692 inveniam,
1217 2621 1332 2680 aut
1362 2621 1539 2679 certe
1568 2615 1745 2679 haud
1776 2614 2013 2698 procul
2045 2633 2088 2676 a
2116 2632 2300 2677 vero.

318 2712 452 2777 Sed
482 2714 795 2802 quoniam
826 2713 951 2780 Cn.
989 2715 1358 2800 Pompeius
1387 2723 1505 2781 aut
1534 2718 1730 2780 animi
1763 2716 2112 2801 pravitate,
2145 2718 2264 2778 aut
2292 2715 2453 2798 quia

238 2814 389 2881 nihil
414 2817 677 2896 maluit,
701 2835 900 2902 quam
928 2819 1105 2904 quod
1136 2820 1268 2885 sibi
1295 2821 1585 2898 obesset,
1616 2820 1713 2890 ita
1735 2818 1970 2901 lapsus
1992 2822 2116 2894 est,
2140 2822 2215 2880 ut
2239 2817 2450 2881 hosti-

238 2918 355 2983 bus
382 2920 515 2984 tela
544 2920 615 2984 in
643 2939 881 2986 manus
918 2922 1202 3005 jaceret:
1251 2922 1499 3005 quibus
1548 2922 1656 2985 ille
1705 2921 1902 2985 rebus
1945 2938 2151 3002 remp.
2183 2925 2450 2982 contur-

239 3020 436 3100 bavit,
493 3022 749 3108 eisdem
808 3023 932 3106 tibi
985 3020 1488 3110 restituendum*
1550 3028 1670 3087 est.
1790 3020 2091 3085 Primum
2156 3020 2450 3084 omnium

236 3119 570 3190 summam¹
610 3130 1007 3209 potestatem
1053 3123 1440 3190 moderandi
1487 3125 1569 3189 de
1596 3123 2059 3206 vectigalibus»,
2090 3122 2443 3201 sumtibuS,

1233 3325 1446 3380 NOTAE

294 3460 318 3487 0
348 3455 447 3505 Per
465 3462 651 3507 meros
670 3459 912 3525 mala]
962 3457 1078 3528 ,Am
1101 3457 1295 3509 habent
1374 3459 1634 3524 Mat-edio
1647 3464 1702 3509 et
1713 3455 1934 3508 Lentulo
1949 3453 2273 3517 Consulibus,
2286 3454 2449 3518 scrip·

231 3543 314 3592 Pa·
334 3533 457 3583 Dm·
475 3534 787 3585 innodans.
1376 3542 1480 3585 tam
1499 3534 1657 3585 fuisse
1675 3536 1806 3584 hanc
1824 3533 2098 3598 epistolam
2116 3529 2446 3580 crediderim.

294 3606 315 3641 ¹
341 3609 558 3675 Amplius
593 3614 751 3677 σφω]
805 3613 910 3665 Qui
946 3612 1097 3663 alteri
1127 3613 1296 3662 consi·
1441 3612 1454 3645 ¹
1478 3614 1557 3663 De
1578 3611 1783 3674 summa]
1845 3610 2041 3664 Omnes
2065 3607 2224 3658 libros
2244 3608 2303 3655 de
2323 3620 2446 3654 atm-

234 3682 353 3736 Ιίιιιιι
369 3686 479 3748 dat,
496 3689 740 3752 superior
754 3705 867 3740 esse
882 3689 1105 3740 videtur.
1152 3689 1291 3740 Illud
1376 3704 1455 3739 ma
1475 3689 1748 3752 Republica,
1779 3685 2033 3751 quomodo
2057 3683 2166 3733 fere
2192 3683 2350 3748 prisci
2374 3683 2448 3731 lo·

235 3772 441 3812 esen-at
459 3765 758 3828 Sallustius.
1378 3765 1489 3815 cuti
1527 3771 1665 3827 sunt,
1689 3763 1940 3827 scriptum
1979 3762 2187 3824 habere,
2217 3765 2441 3809 testatur

293 3845 319 3879 ⁸
352 3839 410 3887 Si
427 3840 500 3903 id]
556 3842 743 3892 Tacite
760 3843 933 3892 innuit
951 3843 1168 3907 injurias
1187 3842 1295 3892 vin·
1375 3842 1580 3893 Carrio.

234 3911 494 3976 dicandas,
548 3925 603 3967 et
638 3932 931 3983 supremam
972 3925 1294 3984 potestatem
1439 3916 1464 3953 k
1501 3917 1884 3980 Restituendum]
1949 3917 2015 3967 In
2040 3911 2444 3965 omnibuslibris

235 3988 588 4042 invadendam.
1374 3995 1716 4043 restituendum
1787 3994 1889 4056 legi
1945 3997 2172 4042 testatur
2226 3987 2442 4049 Carrio;

296 4063 323 4098 δ
354 4067 610 4121 Adversum
660 4069 913 4133 consulem]
981 4071 1294 4121 Marcellum
1377 4069 1553 4133 phrasi
1579 4070 1810 4134 antiqua.

234 4141 611 4207 intelhgo,eum
630 4146 907 4210 AEmilium,
925 4149 1143 4196 alterum
1163 4147 1296 4196 Cen·
1439 4142 1454 4177 ¹
1485 4145 1748 4209 Summam]
1820 4145 1875 4194 Si
1915 4157 2041 4192 vera
2069 4140 2300 4205 loquitur
2331 4139 2443 4189 Sal-

232 4218 397 4267 nlem
418 4224 634 4282 pecunia
665 4225 843 4273 Caesar
867 4239 1016 4273 sunm
1043 4222 1291 4275 fecisset·
1278 4260 1291 4273 .
1375 4222 1583 4284 iustius,
1623 4221 1764 4283 hinc,
1802 4220 1920 4270 ideo
1964 4225 2164 4267 tantum
2200 4214 2444 4266 Tribuni-

216 4294 615 4365 ‘hisenimfflom
636 4309 695 4351 ut
718 4302 929 4367 quidam
958 4301 1295 4367 existimavit,
1375 4297 1501 4349 tiam
1539 4304 1855 4363 potestatem
1887 4292 2174 4345 restituisse
2200 4290 2444 4358 Pompei-
