2984 4892
1093 420 1188 471 13'1’
1226 420 1611 474 eunucus.

306 564 662 617 Conciderant
699 576 877 617 omnes
920 565 1156 617 adversis
1200 568 1310 618 vul·-

241 631 452 681 neribus
489 631 533 682 C
556 634 618 681 61
686 632 786 683 niti
823 633 996 696 modo,
1033 646 1096 683 ac
1133 633 1312 683 statim

243 694 516 747 eoncidere
546 696 582 748 J
620 701 715 747 1⁰1
796 699 1007 776 egregia
1046 706 1139 748 tua
1174 696 1313 749 fama

240 762 391 811 simul
428 774 548 813 cnm
586 762 754 812 Roma
797 762 942 813 brevi
984 763 1231 814 concidet
1269 763 1313 813 F

242 830 409 889 ηερ

306 892 569 943 Conciliet
605 893 703 944 sibi
738 894 961 958 gratiam
985 893 1313 945 incommodo

243 955 341 1008 nei
382 958 468 1009 ub.
494 958 538 1008 F
558 963 672 1023 852,
694 963 758 1009 28

388 1023 574 1073 ncione
594 1025 774 1075 habita
796 1024 841 1075 C
856 1029 923 1075 48
990 1024 1247 1075 advocata
1269 1024 1313 1075 C

243 1090 309 1137 m
339 1096 395 1139 ct
428 1088 466 1140 J
499 1094 563 1139 88
631 1089 878 1140 donanim
916 1104 1013 1155 pro
1061 1092 1312 1140 concione

242 1152 550 1217 Jsgortham
573 1155 608 1207 J
631 1159 664 1203 8
730 1171 849 1221 quae
874 1156 926 1204 in
948 1155 1200 1205 concione
1221 1157 1313 1205 bu·

232 1218 528 1283 juscemodi
550 1220 724 1270 verbis
746 1220 989 1271 disseruit
1006 1221 1041 1272 J
1060 1224 1127 1270 80
1192 1222 1314 1271 ade-

244 1289 331 1334 rat
349 1283 385 1336 J
408 1288 470 1334 84
494 1291 549 1334 et
570 1285 605 1337 J
628 1289 693 1335 53
760 1299 826 1334 ex
849 1287 1099 1336 concione
1120 1285 1312 1335 disces-

240 1348 366 1401 sitJ
389 1353 451 1398 84
518 1350 607 1401 ubi
647 1365 766 1400 cum
808 1357 923 1401 tota
958 1351 1208 1401 concione
1245 1350 1312 1400 ab

242 1414 479 1465 exercitu
522 1415 662 1479 cogit
715 1415 990 1466 discedere
1034 1416 1077 1465 F
1120 1419 1236 1478 820,
1278 1420 1312 1467 2

240 1480 423 1545 populi
454 1480 730 1530 advocavit
764 1480 798 1532 J
841 1485 906 1531 84
972 1481 1311 1532 concionibus

241 1545 489 1610 populum
530 1547 595 1596 ad
638 1545 1010 1596 vindicandum
1046 1546 1243 1596 hortari
1276 1545 1311 1598 J

242 1613 308 1660 80
382 1610 616 1660 omnibus
659 1610 992 1661 concionibus
1034 1611 1312 1661 Metellum

240 1674 430 1790 323⁸
452 1675 1317 1793 t53333²233m205⁰1¹3ss2¹32112⁰¹÷

308 1870 674 1922 Concitanda:
714 1871 781 1922 ad
803 1886 921 1923 con.
944 1871 1161 1924 servitia
1185 1871 1228 1921 C
1248 1876 1315 1922 46

242 1942 457 2051 ἔποπα
480 1952 617 1989 nunc
644 1939 768 1987 mihi
791 1937 961 1989 turbae
986 1938 1318 1988 concitantur

309 2004 426 2065 808,
442 2007 474 2053 8
518 2002 720 2068 injuriis
738 2003 1170 2068 contumeliisque
1196 2017 1317 2053 con-

241 2066 436 2117 citatus
457 2067 502 2119 C
525 2073 587 2119 85

310 2131 603 2184 Concordia
624 2148 705 2184 res
728 2148 902 2201 parvae
928 2139 1174 2185 crescunt
1195 2132 1230 2184 J
1254 2136 1316 2184 10

200 2252 207 2257 ,
242 2196 454 2275 optimis
475 2200 704 2250 moribus
724 2206 778 2249 et
794 2200 1020 2249 maxima
1036 2198 1319 2275 concordia

241 2262 833 2394 38ξὲῧῆἕῇ
857 2263 1320 2380 ἓξωῖῖέἰὲἴρέΐῑ

241 2406 405 2444 novos
444 2396 706 2445 coalescat
744 2395 789 2445 1³·
809 2398 928 2459 858,
952 2399 1010 2444 11
1080 2394 1215 2445 bona
1234 2393 1320 2444 fir-

238 2459 436 2510 manda
461 2460 504 2510 F
525 2464 643 2524 us,
665 2463 730 2510 ao

310 2522 611 2590 Concupita
668 2525 958 2590 praebendo
1021 2539 1318 2590 perversam

241 2590 468 2655 gratiam
492 2589 791 2656 gratificans
813 2591 857 2640 F
879 2595 997 2651 846,
1020 2595 1083 2640 12

311 2654 710 2706 Concurrebant
751 2656 818 2706 ad
854 2670 972 2705 eum
1008 2670 1208 2721 magnae
1235 2671 1319 2706 co·

241 2720 349 2785 piae
372 2721 416 2771 C
437 2725 503 2772 56
564 2718 801 2771 homines
825 2722 1051 2771 omnium
1085 2722 1318 2771 ordinum

240 2798 397 2836 corru
440 2785 622 2835 tissimi
668 2786 712 2837 Ρ
748 2790 868 2849 281,
908 2791 967 2837 11
1049 2786 1101 2835 in
1147 2793 1320 2837 castra

242 2857 342 2901 tua
426 2854 543 2913 841,
568 2855 631 2901 10
696 2852 962 2919 utrimque
992 2866 1179 2929 magno
1212 2848 1320 2900 cla-

240 2916 394 3031 igore
411 2922 727 2967 concurrunt
744 2916 782 2969 ¹J
804 2921 868 2968 58
933 2915 1134 2968 infestis
1156 2916 1320 2982 signis

310 3044 692 3099 Concusserat:
737 3046 876 3113 quod
912 3045 1112 3097 factum
1150 3046 1318 3112 primo

242 3113 528 3228 {epulares
569 3114 943 3178 conjurationis
983 3117 1320 3163 concusserat

312 3180 381 3229 2⁴
445 3176 588 3228 orbis
613 3185 867 3229 terrarum
884 3177 1022 3228 bello
1037 3191 1317 3228 concussus

243 3241 391 3295 foret
412 3242 455 3292 F
479 3245 594 3306 841,
612 3248 644 3292 5

313 3307 712 3359 Condemnabas
737 3307 865 3358 alios
884 3313 1071 3372 morte,
1088 3307 1213 3358 alios
1233 3322 1321 3373 pe·

243 3373 404 3424 enula
421 3372 465 3423 F
488 3376 605 3435 862,
626 3377 692 3424 28
758 3367 828 3422 de
850 3374 947 3424 bac
973 3389 1100 3424 voce
1120 3374 1319 3426 Muret-

241 3438 317 3488 V.
341 3438 406 3488 L.
439 3442 523 3490 20.
588 3437 945 3490 condemnatis
967 3454 1140 3490 rerum
1178 3439 1321 3504 capi·

244 3502 430 3556 tali-um
471 3503 515 3553 C
550 3506 616 3554 86
683 3503 749 3554 de
787 3504 1147 3554 condemnatis
1185 3519 1321 3553 snm-

240 3582 389 3620 mum
406 3567 716 3634 supplicium
734 3569 1009 3620 sumebant
1027 3568 1069 3619 C
1088 3574 1149 3619 51
1205 3583 1322 3618 ver-

238 3635 563 3709 beratusque
586 3634 765 3698 capite
787 3650 968 3698 poenas
988 3634 1145 3685 solvit
1164 3633 1198 3685 J
1222 3638 1289 3684 60

315 3698 707 3750 Condiderant:
765 3698 906 3763 apud
963 3700 1129 3750 Lethe
1172 3714 1240 3764 op
1281 3699 1321 3747 i-

243 3762 374 3814 dum
409 3765 497 3816 cui
535 3778 723 3815 nomen
770 3764 1042 3814 oblivionis
1079 3765 1229 3815 condi
1271 3778 1324 3813 e·

243 3835 369 3879 rant
390 3828 434 3881 F
455 3833 575 3893 288,
599 3834 664 3881 20
731 3829 1011 3880 condidere
1040 3837 1196 3895 atque
1231 3828 1322 3878 ha-

243 3894 411 3946 buere
445 3895 630 3944 urbem
662 3896 877 3944 Romam
917 3894 960 3943 C
988 3898 1026 3945 6
1107 3893 1322 3944 tribuni·

247 3958 386 4010 eiam
409 3967 730 4025 potestatem
752 3959 1014 4011 conditam
1054 3974 1086 4009 a
1115 3959 1324 4024 majori·

242 4023 344 4075 bus
367 4025 474 4075 suis
514 4026 554 4074 F
585 4029 704 4087 278,
723 4030 755 4075 8
823 4025 1064 4076 conditor
1086 4022 1322 4103 (Capsae)

244 4089 281 4141 J
305 4092 373 4141 80
441 4090 538 4151 sic,
583 4096 640 4140 et
674 4090 851 4141 Sectae
875 4092 1117 4141 Lactant.
1155 4090 1230 4153 iii,
1268 4095 1323 4141 4.

243 4153 564 4206 Scholiastes
586 4156 725 4207 ined.
765 4156 933 4207 Persii
956 4155 1102 4220 legit,
1125 4156 1321 4221 Repre-

245 4218 523 4271 hensiones
545 4221 775 4271 omnium
796 4228 1061 4273 sectarum
1078 4235 1137 4273 se
1155 4234 1321 4277 uma·

238 4282 330 4335 vit
353 4284 605 4337 adversus
621 4301 800 4338 omnes

312 4349 600 4405 Conditloz
654 4351 780 4405 mihl
806 4350 974 4433 indjes
1005 4350 1173 4419 magis
1211 4350 1322 4404 ani·

2336 413 2459 480 xlv

1388 582 1505 618 mus
1529 567 1851 632 accenditur,
1886 566 2009 619 dum
2050 569 2320 623 considero
2343 587 2461 651 quae

1390 633 1627 683 conditio
1650 634 1773 684 vitae
1797 631 1975 683 futura
1999 636 2090 699 sit,
2109 636 2205 685 nisi
2232 637 2462 689 vindica-

1388 712 1520 761 mus,
1558 704 1653 749 dte.
1697 699 1742 749 C
1775 701 1840 748 20
1906 714 2022 763 quae
2063 702 2292 751 conditio
2337 703 2462 754 belli

1389 762 1528 814 foret
1550 764 1595 814 C
1616 768 1678 813 21
1750 778 1844 828 par
1879 774 1960 813 est
1995 779 2109 815 meo
2147 774 2202 817 et
2237 768 2461 819 hostium

1388 829 1647 879 exercitui
1686 828 1728 876 F
1764 831 1880 892 208,
1916 833 1977 879 14
2041 829 2096 879 Si
2120 844 2246 881 vera
2281 839 2336 881 et
2372 833 2462 883 ho·

1387 901 1537 945 nesta
1570 891 1823 957 flagitium
1861 896 2204 970 superawrit,
2241 910 2341 946 non
2381 903 2463 948 est

1389 959 1654 1010 conditio:
1691 957 1876 1009 fuisset
1896 974 1938 1010 si
1963 962 2166 1011 omnino
2191 962 2464 1025 quiessetis

1390 1022 1433 1073 F
1458 1029 1573 1088 804,
1612 1028 1646 1074 2
1710 1038 1805 1089 pro
1844 1025 1980 1084 loco,
2014 1032 2173 1087 statu,
2213 1028 2316 1084 vel,
2357 1041 2461 1078 non

1387 1089 1534 1153 licet,
1555 1095 1614 1139 ut
1636 1090 1774 1154 apud
1789 1090 1978 1155 Virgil.
1998 1090 2112 1140 AEn.
2135 1092 2226 1154 xii,
2250 1107 2325 1141 vs.
2344 1096 2462 1144 880.

1391 1155 1502 1204 Cur
1558 1155 1738 1205 mortis
1791 1154 1998 1205 ademta
2071 1165 2152 1206 est
2212 1156 2462 1207 conditio.

1391 1220 1655 1270 Metuenti
1699 1234 1765 1269 ne
1811 1221 1854 1269 si
1898 1234 2000 1285 pax
2047 1235 2163 1271 cum
2212 1222 2460 1272 Romanis

1387 1283 1559 1348 fieret,
1581 1285 1694 1350 ipse
1720 1299 1814 1348 per
1836 1285 2158 1336 conditiones
2182 1286 2246 1336 ad
2265 1288 2462 1353 suppli-

1390 1350 1526 1399 cium
1555 1350 1851 1400 traderetur
1886 1351 1919 1403 J
1961 1355 2025 1400 61
2095 1365 2246 1415 posse
2286 1352 2462 1402 condi·

1389 1415 1616 1466 tionibus
1643 1415 1834 1465 bellum
1858 1417 1982 1481 poni
2012 1416 2049 1469 J
2074 1420 2169 1467 112
2194 1421 2251 1467 et
2282 1416 2325 1466 1²·
2347 1420 2465 1486 882,

1389 1485 1451 1532 11
1494 1479 1725 1544 differre,
1748 1481 1941 1546 Dictys
1965 1481 2019 1530 iii
2062 1486 2088 1531 l

1457 1546 1714 1596 Conditor
1750 1544 1984 1611 (Capsae)
2023 1517 2283 1598 hercules
2320 1547 2356 1601 J
2395 1551 2462 1601 8⁹

1390 1618 1542 1676 peste
1582 1612 1818 1662 conditos
1858 1611 1999 1661 orbis
2039 1618 2292 1663 terrarum
2330 1613 2462 1681 <Ro-

1390 1675 1594 1742 manos)
1621 1677 1664 1726 F
1684 1681 1800 1741 816,
1820 1679 1854 1726 2

1458 1742 1825 1792 Condonabam
1842 1742 2057 1793 alterius
2069 1742 2290 1793 lubidini
2306 1744 2464 1795 male-

1391 1805 1536 1857 facta
1556 1807 1694 1856 haud
1715 1805 1870 1856 facile
1890 1807 1932 1857 C
1951 1812 2016 1857 52
2072 1807 2323 1859 creditum
2342 1823 2463 1859 con-

1391 1871 1586 1922 donare
1626 1873 1671 1922 F
1709 1876 1825 1937 841,
1862 1876 1924 1922 12
2007 1873 2084 1924 uti
2129 1887 2225 1938 per
2306 1888 2461 1926 aucos

1390 1934 1637 1988 factiosos
1661 1939 1828 1987 scelus
1852 1937 2237 1989 condonaretur
2256 1889 2303 1991 J,
2315 1942 2381 1990 27

1458 2003 1717 2053 Conducit
1739 2003 1790 2053 in
1815 2017 1974 2052 unum
1998 2003 2188 2055 milites
2207 2003 2243 2056 J
2267 2009 2328 2055 51

1458 2065 1702 2118 Confecti
1723 2068 2042 2129 vulneribus,
2081 2068 2237 2133 pauci
2269 2069 2465 2135 integri

1391 2132 1427 2185 J
1449 2136 1516 2182 60
1582 2133 1766 2198 quibus
1788 2132 1943 2184 rebus
1976 2135 2020 2185 C
2039 2138 2104 2184 46
2171 2134 2306 2185 bello
2333 2135 2376 2186 C
2397 2138 2462 2189 51

1392 2199 1576 2263 praelio
1600 2199 1643 2249 C
1666 2204 1727 2249 61
1777 2199 1924 2249 annis
1945 2200 1980 2251 J
2001 2204 2060 2249 11
2101 2199 2282 2251 morbo
2305 2207 2464 2266 atque

1395 2270 1556 2314 aetate
1579 2263 1612 2315 J
1632 2269 1666 2314 0
1760 2279 1818 2313 er
1839 2274 2017 2315 nostra
2039 2279 2253 2329 corpora
2271 2265 2463 2315 bellum

1396 2328 1439 2378 F
1462 2332 1578 2391 815,
1605 2333 1667 2380 18
1770 2330 1922 2379 ellum
1949 2331 2129 2395 quovis
2151 2331 2303 2381 modo
2340 2330 2374 2381 J
2399 2334 2463 2382 86

1391 2406 1459 2444 ne
1483 2395 1572 2446 siti
1599 2397 1864 2446 exercitus
1885 2396 1920 2447 J
1938 2401 2003 2445 50
2056 2395 2302 2446 mandata
2316 2394 2466 2446 brevi

1392 2460 1427 2512 J
1453 2465 1518 2511 12
1585 2460 1897 2511 conficiendi
1923 2460 2066 2525 belli,
2088 2464 2186 2512 dcc.
2211 2461 2245 2513 J
2269 2464 2334 2512 87

1459 2525 1772 2589 Confertim,
1816 2526 1909 2576 sed
1970 2527 2100 2577 alius
2163 2526 2264 2577 alio
2309 2540 2464 2592 quam

1392 2592 1620 2641 maxime
1642 2591 1832 2640 diversi
1849 2590 1888 2642 -J
1911 2596 1977 2640 50
2042 2590 2293 2642 confertis
2317 2591 2466 2657 equis

1393 2653 1429 2706 J
1453 2660 1546 2705 101
1614 2655 1705 2706 ubi
1746 2654 2115 2707 confertissimi
2149 2656 2466 2715 obstiterant

1392 2719 1429 2772 J
1450 2725 1518 2770 08
1581 2720 1635 2769 in
1663 2720 2070 2771 confertissimos
2094 2720 2316 2771 incurrit
2338 2720 2381 2769 C
2399 2724 2465 2771 60

1395 2784 1633 2835 conferto
1657 2785 1841 2864 gradu,
1862 2785 2078 2835 Tacitus
2099 2785 2193 2849 xii,
2214 2789 2275 2835 85
2437 2834 2448 2847 ,

1459 2849 1747 2901 Confessrs:
1782 2850 1849 2901 de
1872 2848 2013 2902 conf.
2045 2848 2360 2915 supplicium
2384 2864 2464 2900 su·

1393 2916 1633 2966 mendum
1659 2916 1702 2966 C
1722 2919 1788 2966 52

1460 2980 1751 3032 Confestim
1774 2980 1907 3031 fecit
1928 2987 1985 3030 ut
2010 2978 2213 3030 nunciis
2235 2979 2285 3029 lu
2363 2978 2464 3029 bri-

1391 3046 1487 3097 bus
1531 3047 1573 3096 F
1605 3051 1722 3109 822,
1753 3051 1787 3096 4
1870 3046 2251 3110 interpretatur
2330 3045 2466 3096 latii.

1393 3112 1678 3171 Maximus,
1695 3112 1870 3161 ordine
1890 3118 1943 3161 et
1961 3111 2073 3159 sine
2091 3110 2465 3160 intermissione

1459 3176 1740 3227 Confidunt
1763 3177 1852 3226 ubi
1874 3178 2001 3226 satis
2025 3175 2187 3240 legati
2208 3176 2243 3229 J
2271 3178 2332 3226 1⁸

1459 3241 1686 3292 (lonfinis
1732 3241 2017 3307 potentiori
2061 3240 2269 3291 sedibus
2302 3240 2467 3305 pelle·

1392 3306 1585 3358 bantur
1603 3307 1638 3360 J
1660 3311 1722 3359 41
1790 3307 1985 3358 Paulus
2005 3305 2069 3355 ad
2088 3305 2248 3356 edict.
2270 3309 2351 3357 28.
2399 3306 2468 3357 de

1394 3373 1513 3424 Fin.
1538 3374 1601 3423 R.
1625 3372 1686 3423 1..
1722 3377 1771 3424 4.
1840 3372 1959 3422 Hoc
1998 3372 2253 3437 judicium
2294 3371 2469 3423 locum

1393 3438 1556 3488 babet
1593 3438 1646 3489 in
1686 3436 1908 3491 confinio
1953 3438 2272 3503 proediorum
2314 3438 2466 3488 rusti-

1396 3518 1598 3568 corum,
1616 3503 1946 3567 urbanorum,
1969 3502 2272 3568 displicuit:
2295 3517 2467 3568 neque

1395 3570 1531 3618 enim
1578 3567 1804 3620 confines
1846 3566 1920 3631 hi,
1964 3569 2055 3618 sed
2102 3567 2265 3632 magis
2307 3567 2470 3619 vicini

1397 3633 1663 3699 dicuntur,
1696 3641 1750 3683 et
1784 3648 1847 3683 ea
1876 3633 2230 3683 communibus
2255 3633 2466 3696 parieti·

1396 3699 1492 3749 b'us
1514 3700 1820 3764 plerumque
1846 3698 2272 3750 disterminantur

1461 3763 1781 3816 confirmare
1836 3778 1950 3828 pro,
2003 3776 2317 3823 asseverare,
2356 3761 2466 3811 ani·

1395 3843 1534 3879 mum
1547 3844 1762 3880 excusso
1780 3830 1963 3880 tim-ore
1977 3842 2196 3888 sumere,
2206 3840 2273 3876 ex
2287 3826 2467 3877 morbo

1396 3895 1782 3946 convalescere.
1823 3895 1963 3958 apud
1983 3894 2288 3943 Ciceronem
2307 3905 2468 3956 saepe.

1396 3960 1593 4010 animos
1617 3974 1793 4009 eorum
1816 3958 2035 4021 mollire,
2057 3962 2315 4023 postremo
2338 3970 2467 4007 con-

1395 4024 1605 4074 firmare
1625 4023 1780 4074 fidem
1805 4023 2068 4089 publicam
2103 4036 2198 4086 per
2237 4034 2350 4071 sese
2389 4021 2467 4070 in-

1396 4090 1640 4141 violatam
1681 4087 1794 4140 fore
1831 4089 1870 4140 ·J
1919 4093 1980 4138 88
2066 4086 2274 4137 territos
2318 4085 2355 4138 J
2399 4089 2468 4137 88

1396 4154 1524 4206 data
1546 4162 1704 4222 atque
1726 4160 1945 4219 accepta
1965 4151 2072 4202 fide
2090 4151 2393 4202 societatem
2420 4150 2465 4200 C

1394 4223 1460 4271 44
1567 4227 1801 4286 ostquam
1846 4226 2002 4282 pacta
2043 4215 2146 4283 (sic
2186 4215 2470 4281 legendum

1393 4300 1465 4335 ex
1504 4236 1610 4338 B11's.
1648 4300 1749 4335 non
1789 4282 1938 4345 acta)
1985 4281 2290 4333 confirmata
2326 4287 2468 4333 sunt.

1395 4351 1571 4404 Dares
1592 4364 1710 4417 cap.
1733 4354 1816 4404 41.
1879 4349 1975 4402 ubi
1996 4362 2093 4417 pro
2126 4348 2323 4400 Scaeam
2346 4359 2466 4413 pon·
