2984 4892
1174 412 1183 425 ·
1216 406 1308 457 ΒΤ
1353 364 1729 466 wiricus,
1861 450 1868 457 .
2051 403 2062 414 ‘
2397 402 2568 491 lxvii

360 551 613 618 aequitate
639 556 700 621 *C
736 556 772 603 9
837 552 1072 615 Minucio
1111 551 1427 606 Macedonia

360 625 614 668 evenerat
655 621 692 672 J
734 620 797 669 85
896 619 1242 669 dissensiones
1295 621 1423 671 vitio

359 682 572 734 humaui
624 684 818 750 ingenii
876 699 1096 735 evenere
1150 685 1192 734 F
1231 689 1346 750 272,
1390 692 1421 736 5

358 746 465 797 inis
485 751 670 801 merito
690 750 899 803 accidet
918 750 1162 816 quicquid
1186 752 1423 801 evenerit

359 811 411 863 C
431 817 492 863 51
561 817 805 879 pactione
835 831 900 865 au
930 830 1052 865 casu
1090 816 1165 865 ita
1187 818 1424 867 evenerit

352 877 397 929 J
436 883 499 927 67
581 895 643 932 ea
687 896 770 930 res
813 880 911 929 tibi
955 881 1050 930 Rei
1091 894 1155 930 ue
1198 880 1420 945 publicai

354 956 611 1007 prospere
653 946 698 995 F
720 950 834 1007 860,
875 950 936 996 18
1016 945 1044 995 1
1132 960 1197 995 ea
1251 947 1420 1010 gralia

357 1009 635 1062 eveniebat
658 1011 794 1076 quod
817 1011 852 1063 J
877 1016 942 1061 54
1007 1010 1061 1060 id
1099 1011 1174 1060 ita
1212 1011 1422 1061 eveniet

356 1072 406 1122 si
428 1073 694 1139 demseris,
714 1082 814 1126 διο.
851 1078 893 1126 F
915 1080 1030 1139 844,
1052 1080 1076 1124 1
1101 1082 1158 1126 et
1188 1076 1231 1125 F
1252 1080 1368 1138 846,
1386 1081 1418 1126 2

355 1137 497 1191 bona
519 1138 656 1193 fama
679 1143 719 1192 F
742 1146 859 1206 858,
881 1145 947 1192 22
1014 1141 1067 1190 id
1084 1140 1235 1191 *sdeo
1257 1150 1420 1191 matu·

355 1208 421 1255 r'e
442 1219 591 1269 posse
612 1211 656 1256 si
675 1208 709 1259 J
730 1211 796 1257 65
863 1218 924 1256 ea
943 1204 1043 1270 (dii
1081 1205 1394 1256 immortales

350 1273 649 1338 approbent
670 1275 905 1338 beneque
939 1272 1150 1322 evenire
1184 1272 1355 1322 sinant

350 1344 475 1401 847,
494 1343 560 1390 22
624 1339 747 1407 quid
784 1337 993 1388 humani
1019 1338 1061 1387 F
1085 1341 1201 1400 820,
1232 1342 1265 1387 8
1329 1336 1421 1387 nbi

352 1419 527 1457 cares
549 1406 683 1456 bene
715 1404 751 1455 J
784 1408 850 1454 92
896 1401 980 1452 -ld
1016 1404 1197 1453 evenit
1236 1400 1419 1468 quial?

350 1474 474 1533 840,
490 1474 523 1520 8
587 1484 729 1535 saepe
754 1483 914 1533 prava
927 1468 1089 1532 tnagis
1144 1483 1267 1517 uam
1287 1468 1423 1518 bona

350 1536 566 1588 comilis
589 1550 837 1602 prospere
860 1534 1108 1584 eveniunt
1193 1537 1310 1596 848,
1332 1539 1362 1582 5

423 1604 683 1652 Eventus:
726 1600 875 1651 bonis
892 1599 1051 1649 initiis
1086 1599 1245 1649 malos
1262 1612 1418 1648 even·

350 1675 443 1721 tus
461 1668 644 1719 babuit
669 1665 713 1717 C
735 1671 795 1716 11
865 1665 916 1714 in
940 1665 1141 1715 incerto
1163 1671 1279 1714 erat
1299 1664 1335 1715 J
1352 1667 1415 1714 51

420 1734 671 1784 Eversum
697 1729 921 1794 profecti
942 1736 1063 1779 sunt
1089 1729 1417 1779 tribuniciam

346 1804 666 1864 potestatem
691 1797 734 1847 F
750 1800 868 1853 278.
891 1800 924 1846 9
987 1796 1124 1845 irent
1141 1795 1269 1845 aiios
1292 1796 1414 1845 civi·

346 1862 535 1915 tate?
557 1868 674 1927 851,
707 1866 739 1916 8
818 1859 1039 1911 familias
1081 1861 1148 1911 ab
1188 1861 1352 1925 stirpe
1375 1861 1416 1911 1²

346 1933 470 1990 ⁸60,
493 1933 555 1979 14

416 1995 621 2046 Evocat
655 1992 849 2044 milites
868 2007 936 2042 ex
956 1990 1204 2056 hybernis
1242 1991 1296 2041 in
1329 2006 1417 2043 ex.-

345 2058 725 2127 peditionemJ
760 2062 824 2108 87
890 2059 1057 2107 lectos
1083 2064 1138 2107 et
1172 2064 1416 2109 evocatos

342 2126 677 2181 centuriones
700 2125 744 2175 C
765 2127 832 2173 59

414 2191 494 2240 Ex
512 2190 730 2241 miseriis
747 2188 920 2238 multis
932 2187 1192 2253 requievit
1215 2187 1413 2239 animus

343 2254 440 2306 04
470 2269 537 2305 ex
554 2254 902 2320 pulcherrima
931 2254 1153 2317 pessima
1185 2268 1248 2303 ac
1266 2251 1415 2318 flagi·

340 2320 625 2374 tiosissima
645 2319 786 2370 facta
808 2318 852 2369 C
874 2325 903 2369 5
929 2325 986 2369 et
1005 2317 1040 2371 J
1061 2324 1129 2369 4-6
1193 2332 1260 2368 ex
1296 2319 1411 2369 libi-

340 2385 470 2436 dine
503 2387 668 2452 magis
710 2399 863 2450 quam
886 2399 953 2432 ex
991 2398 1116 2434 vero
1159 2383 1412 2449 celebrat,

340 2453 446 2501 «stc.
481 2452 524 2502 C
546 2456 578 2501 8
613 2451 870 2502 amicitias
891 2448 1292 2514 inimicitiasque
1309 2464 1410 2500 non

342 2529 414 2570 ex
429 2531 487 2568 re
506 2516 597 2569 sed
620 2532 685 2566 ex
702 2514 969 2573 commodo
993 2515 1255 2567 aetimare
1278 2514 1321 2566 C
1347 2519 1411 2566 10

387 2594 465 2644 ro,
486 2590 724 2647 propter.
760 2595 826 2630 ex
851 2578 1047 2629 divitiis
1072 2580 1410 2647 juventutem

368 2649 550 2698 uxuria
573 2656 730 2712 atque
760 2645 980 2695 avaritia
1011 2660 1131 2695 cum
1165 2645 1410 2710 superbia

338 2712 581 2763 lamere
605 2713 650 2763 C
675 2716 737 2762 12
801 2710 881 2761 uti
905 2708 1157 2779 cujusque
1179 2709 1408 2760 studium

340 2791 412 2827 ex
433 2785 591 2828 aetate
611 2775 864 2842 flagrabat
886 2775 929 2825 C
954 2778 1012 2825 14
1047 2789 1112 2824 ex
1135 2774 1236 2827 illis
1253 2772 1409 2842 (quos

336 2843 457 2893 scil.
502 2844 742 2893 illexerat
805 2847 969 2891 testes
1012 2840 1406 2905 signatoresque

337 2906 499 2958 falsos
520 2922 721 2959 commo
761 2920 850 2956 are
873 2906 917 2955 C
940 2909 1005 2955 16
1071 2905 1218 2955 multi
1236 2919 1301 2955 ex
1319 2919 1406 2954 co·

334 2972 494 3023 Ioniis
514 2979 570 3024 et
590 2971 883 3036 municipiis
905 2969 951 3020 C
969 2975 1030 3020 17
1097 2984 1311 3035 sperans
1334 2967 1407 3019 fa-

336 3037 441 3087 cile
476 3053 534 3088 se
553 3053 619 3088 ex
640 3034 911 3087 voluntate
935 3036 1163 3086 Antonio
1194 3050 1405 3086 usurum

340 3102 387 3153 C
410 3107 475 3154 26
538 3103 708 3153 Tacit.
732 3102 868 3154 Hist.
885 3100 954 3167 ir,
975 3105 1058 3151 65.
1127 3100 1318 3151 Cuncti
1340 3116 1406 3151 ex

333 3169 607 3221 volunt-te
643 3167 1101 3232 Agrippinensium
1139 3174 1407 3231 perpetra-

334 3246 483 3284 vere.
514 3234 718 3285 luxuria
739 3247 807 3284 ex
828 3235 1026 3295 mugnis
1054 3231 1249 3295 rapinis
1278 3231 1404 3283 nihil

334 3299 524 3364 reliqui
559 3297 798 3353 fecerant
821 3296 865 3347 C
887 3300 951 3347 28
1016 3311 1083 3345 ex
1119 3296 1287 3361 prima
1319 3297 1405 3351 18-

334 3363 456 3414 titia
479 3371 694 3426 repente
716 3363 879 3413 onmis
900 3360 1119 3415 tristitia
1149 3360 1341 3416 invasit
1361 3364 1405 3414 C

334 3431 404 3479 12
469 3442 614 3479 seex
653 3430 795 3477 curia
836 3428 1042 3482 domum
1067 3427 1326 3492 proripuit
1361 3429 1405 3479 C

334 3497 404 3543 82
469 3506 535 3542 ex
566 3507 662 3542 suo
682 3507 898 3544 numero
938 3493 1138 3555 legatos
1169 3492 1336 3543 mittit
1360 3494 1404 3544 C

335 3563 403 3609 82
468 3572 534 3607 ex
552 3559 737 3608 itinere
754 3557 932 3607 literas
954 3557 1121 3607 mittit
1142 3558 1186 3607 C
1209 3561 1272 3608 84
1327 3572 1405 3609 se·

334 3620 687 3674 tisfsctiouem
720 3637 786 3673 ex
826 3623 969 3673 nulia
1001 3623 1315 3673 conscientia
1337 3622 1403 3672 de

332 3688 492 3753 culpa
510 3702 801 3752 proponere
835 3687 1046 3737 decrevi
1085 3686 1212 3737 085
1279 3702 1401 3738 suus

334 3754 525 3819 cuique
563 3755 765 3803 animus
787 3767 857 3803 ex
895 3752 1215 3817 conscientia
1252 3768 1399 3817 spem

334 3818 543 3882 prabet
582 3818 765 3879 Ρ8ὕ9,
788 3821 850 3867 18
916 3832 983 3871 ex
1020 3817 1235 3869 victoria
1276 3820 1400 3868 talia

333 3882 581 3948 sperabat
618 3883 662 3935 C
684 3888 747 3933 87
837 3896 904 3937 ex
946 3883 1115 3939 senati
1159 3884 1399 3937 consultu

260 3972 272 3977 ·
334 3962 495 3999 causa
529 3948 743 4013 cognita
765 3950 817 3997 in
843 3947 1052 3999 vincula
1092 3948 1398 4012 conjecerat

334 4013 467 4064 0⁴2
532 4020 800 4077 praecepto
826 4014 961 4082 regis
983 4012 1019 4063 J
1046 4017 1106 4063 18
1141 4027 1206 4062 ex
1230 4013 1398 4063 senati

334 4078 553 4128 decreto
593 4078 751 4142 jubet
786 4078 820 4129 J
838 4104 843 4109 ·
862 4082 928 4127 28
1014 4090 1081 4127 ex
1126 4086 1398 4142 praecepto

333 4142 601 4194 Ciceronis
624 4156 718 4207 per
755 4142 1036 4192 Gabinium
1055 4151 1259 4193 ceteros
1281 4158 1400 4192 con-

330 4209 549 4259 veniunt
571 4207 616 4257 C
635 4212 699 4258 44
732 4220 799 4257 ex
823 4206 1076 4271 prodigiis
1097 4206 1399 4271 haruspices

318 4271 723 4337 respondissent
760 4272 803 4322 C
824 4277 888 4323 47
955 4270 1147 4337 aliique
1180 4287 1245 4322 ex
1280 4288 1398 4323 cou-

320 4338 591 4408 justione
605 4336 974 4405 deprehensio
990 4341 1078 4387 48·
1124 4338 1317 4391 Crasso
1331 4334 1399 4389 ei

1500 558 1722 621 privatis
1763 562 1986 626 negotiis
2028 563 2237 618 obnoxii
2284 569 2327 620 C
2365 575 2430 620 48
2496 585 2562 623 ex

1498 624 1750 687 petitione
1793 627 2138 681 Pontificatus
2162 633 2282 683 odio
2322 636 2563 689 incensus

1498 688 1542 738 C
1572 692 1639 739 49
1706 691 1944 742 liberales
1981 709 2045 745 ex
2068 697 2318 749 sociorum
2343 698 2565 753 fortunis

1498 751 1541 803 C
1564 758 1628 804 52
1694 757 1883 807 exiliis
1908 760 2196 822 periculum
2219 767 2406 816 metuit
2430 767 2472 816 C
2495 772 2562 819 52

1495 830 1562 867 ex
1602 821 1740 869 omni
1762 823 1970 886 copia2
2006 826 2233 890 legiones
2271 830 2494 883 instituit
2518 833 2562 884 C

1493 887 1561 933 56
1617 888 1692 934 'ex
1716 887 1853 936 omni
1877 890 2030 953 copia
2066 890 2277 942 circiter
2301 910 2417 958 pars
2456 902 2562 947 cita.

1495 946 1540 996 C
1556 952 1623 999 56
1686 950 1808 1000 dum
1832 968 1897 1002 ex
1915 954 2043 1004 urbe
2061 956 2303 1019 praesidiu
2319 962 2563 1023 opperior

1495 1012 1539 1061 C
1561 1016 1627 1062 58
1691 1017 1950 1083 utrimque
1974 1035 2038 1069 ex
2064 1022 2314 1072 lateribus
2354 1032 2559 1077 ceteros

1494 1079 1797 1143 aggreditur
1820 1083 1863 1133 C
1884 1088 1951 1133 60
2016 1099 2083 1134 ex
2124 1087 2203 1135 liis
2234 1089 2562 1154 magistratus

1490 1150 1551 1201 et
1574 1146 1785 1208 imperia
1813 1147 2040 1213 (artibus
2063 1149 2166 1217 sc.)
2198 1154 2453 1216 capiunda
2476 1157 2510 1208 J
2529 1161 2560 1208 8

1493 1205 1740 1259 Africano
1780 1226 2063 1275 cognomen
2102 1231 2167 1265 ex
2212 1218 2404 1269 virtute
2456 1221 2557 1271 fnit

1494 1273 1529 1324 J
1566 1279 1596 1323 5
1665 1276 1886 1327 aiterum
1925 1294 1991 1328 ex
2036 1281 2364 1344 providentia
2410 1287 2559 1337 timo⁴

1494 1352 1624 1399 rem,
1648 1341 1865 1392 alterum
1891 1359 1954 1394 ex
1977 1344 2193 1395 audacia
2211 1350 2558 1403 temeritatem

1495 1396 1816 1467 afferrem.
1848 1407 1884 1460 J
1906 1412 1939 1459 7
2005 1412 2286 1463 nemedius
2303 1412 2369 1463 eit
2389 1415 2555 1469 tribus

1493 1466 1530 1519 J
1557 1473 1613 1518 11
1683 1477 1831 1523 tanta
1874 1478 2210 1528 commutatio
2244 1480 2457 1532 incessit
2501 1489 2560 1534 ut

1495 1546 1562 1583 ex
1601 1538 1827 1587 maxima
1858 1538 2056 1589 invidia
2099 1542 2152 1591 in
2195 1546 2464 1608 gratianus
2494 1551 2555 1599 18

1494 1613 1560 1648 ex
1594 1599 1873 1669 improviso
1915 1605 1951 1656 J
1976 1609 2040 1655 14
2104 1608 2255 1672 cujus
2299 1611 2422 1661 vitae
2467 1627 2560 1663 ne-

1492 1662 2013 1784 3330120‘2515342*
2033 1672 2215 1788 23¹2?
2232 1675 2559 1793 &3533ae

1492 1793 1746 1847 diffidenti
1787 1799 1941 1849 rebus
1978 1802 2083 1851 suis
2104 1802 2139 1854 J
2178 1808 2243 1854 82
2307 1820 2375 1856 ex
2409 1813 2557 1859 tanta

1491 1863 1826 1925 properantia
1847 1870 1955 1914 tem
1990 1864 2149 1917 facile
2188 1876 2410 1921 tractum
2447 1871 2557 1923 bel·

1489 1925 1597 1975 lum
1619 1925 1655 1978 J
1677 1931 1743 1978 86
1807 1944 1874 1979 ex
1907 1934 2164 1983 sententis
2183 1933 2217 1987 J
2242 1938 2309 1985 88
2373 1951 2439 1986 ex
2465 1938 2554 1988 de-

1488 1988 1618 2041 licto
1638 1989 1814 2043 fratris
1835 1992 2079 2046 invidiam
2104 1999 2290 2049 timens
2309 2000 2345 2053 J
2367 2004 2434 2054 89
2488 2018 2554 2054 ex

1489 2054 2326 2193 gagi‘ffgmsstffimgonssifffin
2361 2067 2560 2144 agitqu-

1617 2150 1638 2171 ν
1954 2161 1967 2176 0
2160 2166 2173 2181 ι
2265 2145 2330 2180 ex
2375 2146 2407 2182 c
2478 2148 2528 2183 la

1487 2187 1626 2249 quod
1671 2189 1923 2253 optimum
1965 2143 2244 2245 videqntur
2284 2147 2555 2248 consiqssi'un'n

1486 2251 1689 2367 iegiffiteii
1717 2256 2554 2387 ἱῗηεέεὲὲξῗδοξὲῑὸεῗῗὶωὶἓ

1486 2381 1770 2434 tubicinum
1811 2386 2280 2452 quinquemumero
2302 2390 2453 2457 deleg
2477 2400 2499 2441 t
2516 2393 2552 2446 J

1484 2449 1549 2524 93
1584 2449 1690 2500 etJ
1716 2454 1782 2500 98
1816 2452 1921 2503 etJ
1943 2456 2036 2503 108
2103 2467 2169 2504 ex
2207 2455 2433 2520 partium
2477 2457 2553 2508 in-

1485 2512 1625 2563 vidis
1647 2516 1882 2579 pericula
1912 2524 2205 2570 metuentes
2247 2519 2282 2573 J
2303 2524 2369 2571 40
2434 2537 2550 2579 cum

1483 2591 1554 2626 ex
1575 2578 1812 2631 Mamilia
1834 2582 2102 2648 rogatione
2121 2590 2228 2636 tres
2247 2586 2551 2651 quaesitores

1481 2646 1844 2761 3⁰50²¹⁸¹02¹¹20³
1858 2650 2551 2769 &512021235‘231‘332‘202‘32'

1482 2770 1636 2822 batur
1656 2772 1691 2826 J
1713 2777 1781 2825 48
1843 2775 2041 2827 veritus
2052 2728 2130 2827 {x
2152 2780 2271 2831 anni
2296 2787 2553 2849 ternpore,

1482 2843 1540 2885 et
1578 2837 1753 2903 inopis
1776 2855 1926 2905 aquae
1966 2856 2033 2892 ne
2075 2843 2161 2894 siti
2206 2844 2551 2897 conficeretur

1481 2904 1745 2953 exercitus
1760 2904 1796 2957 J
1819 2911 1885 2956 50
1948 2922 2101 2957 nemo
2122 2909 2346 2959 omnium
2369 2910 2552 2962 Numi.

1480 2965 1666 3018 darum
1687 2982 1753 3019 ex
1797 2967 1926 3035 fuga
1946 2985 2122 3035 regem
2167 2975 2405 3039 sequitur
2424 2976 2457 3027 J
2482 2982 2546 3027 54

1480 3032 2070 3164 ξῗυῗιὲεωπῗέὧςῖτίο
2108 3038 2471 3160 οαὴνληίἷεωτ
2511 3042 2548 3094 J

1721 3136 1734 3150 .
1931 3118 1946 3151 ι
1986 3117 2103 3152 cum
2127 3118 2192 3153 ex
2291 3120 2319 3152 u
2346 3119 2550 3156 necor·

1481 3161 1571 3211 dia
1607 3164 1640 3215 J
1665 3116 1728 3215 58⁵
1816 3180 1880 3214 ex
1923 3167 2111 3217 itinere
2172 3165 2546 3221 frumentatum

1480 3228 1690 3279 missum
1711 3229 1747 3285 J
1767 3234 1833 3280 56
1887 3246 1952 3281 ex
1978 3234 2184 3283 occulto
2205 3232 2239 3286 J
2261 3239 2328 3285 59
2373 3250 2547 3300 neque

1480 3290 1535 3341 id
1562 3300 1765 3359 tempas
1782 3311 1849 3347 ex
1866 3298 2080 3348 aliorum
2104 3313 2243 3348 more
2266 3300 2427 3364 quieti
2456 3310 2551 3353 aut

1482 3357 1702 3409 luxurie
1747 3362 1991 3412 concedit
2021 3360 2056 3414 J
2087 3368 2148 3414 61
2234 3379 2300 3414 ex
2344 3367 2551 3423 concilii

1480 3421 1749 3478 decreto-i
1772 3428 1838 3477 62
1904 3442 2056 3492 quam
2099 3429 2271 3494 gravis
2314 3446 2464 3482 casus
2493 3433 2549 3482 in

1479 3491 1832 3542 servitium-ex
1879 3506 2038 3557 regno
2077 3493 2263 3548 foretJ
2286 3498 2351 3546 62
2417 3511 2550 3547 unus

1480 3568 1547 3602 ex
1571 3558 1805 3608 omnibus
1828 3556 2031 3609 Italicis
2052 3558 2283 3623 profugit
2318 3562 2547 3613 intactus

1478 3623 1512 3674 J
1552 3627 1615 3674 67
1669 3629 1725 3673 et
1756 3623 1794 3676 J
1830 3627 1897 3674 69
1966 3624 2174 3673 biduum
2219 3640 2283 3673 ex
2327 3625 2548 3689 perfidia

1476 3688 1644 3739 laetsti
1664 3688 1700 3741 J
1717 3692 1784 3738 69
1849 3703 1914 3737 ex
1936 3689 2307 3739 consuetudine
2328 3692 2363 3743 J
2380 3695 2442 3743 71
2487 3698 2548 3741 et

1475 3753 1513 3805 J
1533 3757 1598 3804 85
1663 3754 1790 3809 talia
1818 3755 2030 3809 consilia
2069 3769 2163 3823 per
2195 3754 2354 3804 mlum
2400 3762 2456 3806 et
2478 3771 2546 3814 ex

1474 3820 1871 3938 ἔᾘίῗῗιῗῗῗὲθ
1892 3816 2068 3934 2ϊίοέ
2074 3822 2542 3950 ..ἶῗηέἓῗῖῗηξξῷἵ

1472 3946 1652 3999 faeere
1697 3949 1734 4001 J
1777 3952 1868 4007 82.
1909 3963 1977 3999 ex
2024 3948 2227 4001 Metelli
2270 3951 2542 3999 voluntate

1474 4012 1668 4069 bellum
1691 4013 1944 4063 intactum
1981 4014 2115 4064 trahi
2135 4011 2257 4065 188
2322 4015 2449 4064 mibi
2472 4029 2540 4066 ex

1476 4078 1669 4129 virtute
1710 4078 1950 4127 nobilitas
1991 4077 2151 4156 coepit
2191 4077 2225 4129 J
2248 4082 2311 4128 85
2438 4080 2540 4130 uod

1474 4156 1542 4193 ex
1564 4143 1732 4197 aliena
1774 4144 1970 4193 virtute
2003 4143 2103 4192 sibi
2145 4157 2263 4192 arro
2302 4152 2392 4193 ant
2472 4146 2535 4194 88

1472 4222 1556 4258 me
1595 4221 1661 4258 ex
1698 4206 1852 4257 animi
1896 4208 2154 4258 sententia
2187 4210 2276 4257 nui
2300 4224 2331 4257 a
2368 4211 2539 4259 oratio

1474 4274 1668 4324 laedere
1690 4270 1725 4324 J
1750 4276 1812 4322 85
1847 4287 1948 4322 non
1978 4287 2044 4321 ex
2057 4274 2254 4323 merito
2276 4273 2367 4323 sed
2390 4274 2539 4340 quani

1472 4337 1680 4391 debitos
1702 4338 1736 4390 J
1758 4340 1821 4388 85
1889 4352 1955 4387 ex
1980 4345 2197 4409 parente
2219 4338 2294 4389 ita
2334 4340 2538 4415 accepi,
