2984 4892
466 392 601 461 448

466 564 958 608 munli!-
991 566 1139 604 uro.
1184 565 1356 603 BONA.
1400 564 1541 604 mus.

466 643 835 687 eumcum.
851 643 945 681 An.
960 643 1152 681 sAcuA.
1166 630 1429 681 Cunnum.
1449 643 1537 679 nr.

464 721 583 763 eur.
606 718 877 759 mount.
906 719 1076 757 mmc.
1099 719 1412 758 Aenum-runt.
1447 719 1538 756 ocu

463 797 710 837 annui-1⁸.
729 797 942 834 cunis.
960 796 1250 834 unimus.
1265 782 1431 833 απυδ
1465 783 1539 833 Et

464 861 631 912 infra:
666 861 682 890 ‘
705 861 992 912 Tricesimo
1015 861 1204 912 deinde
1224 875 1359 911 auno
1382 875 1414 910 a
1436 859 1540 925 pri-

466 941 562 991 mis
605 937 829 989 tribunis
883 937 1072 1003 plebis,
1122 937 1306 988 decem
1370 936 1538 989 cresti

463 1024 604 1081 suut,
629 1016 738 1067 bini
770 1031 839 1066 ex
872 1016 1083 1080 siugulis
1116 1015 1398 1065 classibus:
1436 1015 1537 1064 its-

467 1109 588 1160 que,
619 1101 829 1146 cautum
862 1100 966 1157 est,
992 1099 1267 1158 ut‘postes
1299 1106 1537 1143 crearen-

469 1172 590 1223 tur.’
659 1171 929 1223 Plutarch.
955 1171 1011 1221 in
1032 1170 1297 1220 Problem.
1322 1174 1538 1221 couten-

465 1249 562 1313 dit,
581 1249 717 1299 bunc
741 1263 845 1299 non
867 1261 979 1298 esse
1000 1247 1395 1311 magistratum:
1431 1244 1538 1310 pri-

465 1341 622 1388 mum,
661 1325 782 1390 quis
820 1324 1096 1390 purpurati
1138 1339 1245 1374 nou
1286 1322 1538 1373 incedunt

464 1413 524 1454 ut
561 1404 728 1455 ceteri
766 1402 1132 1467 magistratus:
1184 1407 1241 1451 et
1276 1400 1398 1466 quia
1434 1414 1536 1451 nee

464 1482 681 1532 lictores
720 1479 934 1541 babent,
972 1493 1071 1530 nec
1110 1478 1165 1528 in
1199 1480 1331 1529 sellu
1367 1477 1538 1529 curuli

464 1557 709 1608 sedentes
734 1557 823 1621 jus
862 1557 1065 1620 dicunt,
1084 1571 1181 1607 nee
1213 1556 1362 1606 initio
1394 1556 1537 1618 anni,

466 1636 607 1687 sicut
629 1635 798 1685 ceteri
831 1635 1189 1697 magistratum
1222 1633 1420 1697 ineunt,
1441 1632 1536 1683 sed

465 1718 650 1778 quarto
673 1718 797 1762 aute
821 1711 934 1762 idus
956 1709 1279 1773 Decembris,
1301 1723 1400 1761 nec
1423 1724 1534 1763 cre·

465 1795 556 1839 ato
594 1788 854 1838 dictatore
898 1794 1212 1851 potestatem
1246 1787 1534 1851 deponunt,

461 1863 555 1915 sed
573 1878 732 1929 quum
747 1862 912 1913 omnis
935 1870 1171 1928 potestus
1186 1872 1243 1913 et
1260 1863 1534 1927 imperium

466 1940 535 1991 sd
574 1941 909 1991 Dictator-em
946 1941 1149 2003 redeat,
1181 1940 1278 1989 soli
1310 1940 1535 1991 omnium

462 2018 822 2083 magistratum
837 2018 1089 2080 retinent,
1101 2019 1246 2084 quusi
1263 2018 1534 2082 imperium

464 2096 659 2145 nudum
697 2102 959 2159 gerentes,
991 2104 1048 2145 et
1080 2096 1237 2145 ulium
1275 2095 1534 2161 quendam

461 2172 635 2221 locum
670 2172 726 2220 in
765 2171 971 2236 republ.
1017 2170 1339 2235 obtinentes,
1374 2171 1533 2237 hique

461 2248 601 2299 inter
621 2252 827 2296 eeteros
851 2247 1183 2310 magistratus
1206 2248 1534 2298 vocationem

461 2336 565 2372 uon
599 2322 814 2385 habeut,
852 2323 944 2372 sed
992 2328 1194 2372 tautum
1236 2324 1536 2387 prehensio-

462 2415 601 2464 nem,
627 2408 687 2451 ut
709 2400 913 2450 Gellius
936 2400 1125 2450 scribit
1147 2413 1271 2451 nn.
1288 2406 1368 2450 12.
1405 2402 1535 2451 Pre-

459 2479 692 2529 hendere
712 2478 849 2528 enim
882 2478 1117 2528 Tribuno
1151 2478 1291 2542 pleb.
1314 2479 1458 2543 licet,
1479 2488 1536 2529 et

462 2555 519 2604 in
543 2568 804 2605 carcerem
828 2555 1020 2605 ducere
1042 2556 1326 2620 consulem,
1350 2562 1537 2619 praeto·

463 2647 592 2698 rem,
613 2647 1006 2698 censoremque,
1031 2634 1092 2685 C.
1119 2633 1336 2684 Curiatii
1359 2647 1534 2684 exem-

458 2711 568 2775 plo,
593 2711 682 2775 qui
718 2709 954 2760 tribunus
978 2711 1117 2774 pleb.
1140 2713 1210 2762 D.
1232 2713 1453 2762 Brutum
1478 2717 1536 2762 et

460 2788 527 2840 P.
549 2788 848 2853 Scipionem
883 2789 1028 2840 Coss.
1059 2790 1199 2841 viros
1234 2791 1537 2841 honestissi-

458 2881 571 2917 mos
597 2867 653 2916 in
687 2866 895 2917 viuculo
928 2867 1178 2931 conjecit,
1201 2860 1258 2916 ut
1281 2867 1334 2917 in
1356 2880 1443 2916 m.
1469 2867 1536 2917 de

460 2942 690 3008 Legibus
713 2943 903 2994 Cicero
933 2945 1126 2994 tradit:
1162 2952 1219 2994 et
1255 2945 1332 2994 M.
1359 2945 1535 3009 Drusi,

460 3021 550 3084 qui
570 3020 871 3085 Philippum
889 3021 1183 3083 Consulem,
1198 3021 1318 3085 quis
1338 3036 1395 3071 se
1410 3036 1534 3071 con-

457 3096 751 3147 cionantem
764 3097 1100 3161 interpellare
1110 3113 1262 3148 ausus
1276 3098 1468 3161 fuerat,
1480 3099 1534 3147 in

456 3186 723 3222 carcerem
743 3174 1070 3236 praeeipitem
1089 3174 1216 3238 egit,
1231 3176 1307 3225 itu
1329 3183 1386 3225 ut
1402 3176 1534 3225 mul—

457 3255 545 3297 tus
579 3249 786 3312 sanguis
817 3264 847 3298 e
870 3249 1081 3299 naribus
1111 3249 1535 3316 profunderetur,

456 3332 517 3376 ut
528 3326 771 3376 Valerius
788 3327 931 3377 Max.
944 3342 1026 3378 rx.
1038 3334 1087 3377 5.
1099 3329 1299 3380 scribit.
1315 3331 1533 3395 Ipsique

452 3402 720 3467 injurium,
742 3418 857 3468 quae
878 3419 1054 3454 corum
1077 3404 1247 3470 fieret,
1269 3407 1533 3471 coercere,

456 3485 515 3529 et
534 3479 780 3528 mulctum
816 3479 1047 3545 irrogare
1081 3482 1367 3547 Dictatori,
1400 3485 1534 3534 Gon-

455 3556 573 3620 snli,
616 3556 908 3621 ceterisque
952 3559 1341 3628 magistratibus
1384 3569 1531 3624 pote·

454 3638 594 3697 rant,
616 3638 676 3681 ut
710 3647 776 3682 ex
814 3633 964 3683 Livio
1000 3642 1168 3699 patet,
1190 3643 1255 3686 et·
1277 3637 1532 3688 Tribuno-

454 3724 569 3760 rum
591 3709 816 3759 maxims
851 3718 968 3761 erut
999 3713 1052 3762 iu
1090 3714 1415 3776 probibendo
1440 3729 1531 3778 po-

456 3793 655 3839 testas:
701 3802 804 3837 uuo
850 3789 987 3839 enim
1030 3791 1358 3854 prohibente,
1400 3791 1530 3840 nibil

455 3863 564 3926 alii,
579 3871 635 3914 et
656 3864 701 3912 si
725 3866 1018 3929 complures
1041 3867 1166 3931 siut,
1188 3866 1398 3917 efficere
1412 3881 1531 3931 pos-

446 3946 595 3990 sunt.
661 3941 725 3990 Id
760 3958 968 4007 quoque
1010 3943 1527 3995 animadvertendum

456 4023 555 4077 est,
589 4017 729 4081 quod
768 4019 988 4068 tribunis
1028 4021 1167 4083 pleb.
1203 4022 1399 4071 intrare
1440 4035 1529 4071 cu-

456 4094 589 4142 rium
612 4108 716 4144 non
740 4095 956 4159 licebat,
976 4096 1068 4146 sed
1093 4104 1215 4146 unte
1239 4099 1414 4146 valvus
1438 4111 1528 4159 po-

446 4171 569 4219 sitis
589 4171 851 4222 subselliis
881 4172 1098 4223 decreta
1132 4180 1336 4237 patrum
1360 4181 1530 4223 utten-

456 4247 654 4296 tissimu
673 4263 801 4297 curs
816 4250 1203 4313 examinabunt,
1219 4256 1280 4300 ut
1294 4250 1445 4315 siqua
1458 4265 1528 4300 ex

450 4322 533 4373 sis
552 4323 952 4392 improb-ssent,
974 4332 1093 4378 rntu
1121 4340 1239 4378 esse
1267 4341 1371 4379 nou
1395 4327 1529 4379 sine-

1162 404 1385 457 ⁸01·AE
1435 404 1841 455 VAmolwu
1891 405 1972 454 nt

1617 557 1769 602 rent.
1817 551 1996 616 itaque
2033 546 2318 599 veteribus
2339 547 2690 599 Sem

1617 628 1769 680 sultis
1804 630 1847 679 Τ
1869 628 2027 678 litero
2057 625 2318 675 subscribi
2338 624 2668 677 solebnttea

1617 719 1719 770 que
1740 713 1867 755 nota
1887 702 2294 768 significabatur,
2315 702 2407 751 ills
2426 700 2690 753 Tribunos

1616 783 1902 846 censuisse,
1934 782 2114 832 vader.
2138 781 2285 831 Max.
2321 781 2358 830 l·.
2379 792 2445 829 ιι.
2478 779 2687 830 tametsi

1617 861 1890 925 posteriori
1950 866 2203 922 tempore,
2257 858 2521 907 tribunum
2586 856 2692 908 fre-

1615 939 1800 1003 quenti
1821 942 2008 987 seuutu
2043 935 2110 986 de
2143 934 2301 985 rebus
2335 935 2406 984 ud
2439 935 2688 999 populun

1611 1014 1998 1080 pertinentibus
2054 1014 2303 1063 Senatum
2355 1013 2690 1076 cousuluisse,

1614 1090 1792 1156 ibique
1837 1090 2084 1140 subsellia
2123 1088 2383 1152 babuisse,
2419 1088 2558 1152 apud
2604 1090 2692 1139 Li·

1611 1168 1771 1231 vium,
1816 1168 2140 1229 Ciceronem,
2176 1166 2397 1217 Dionem
2455 1166 2686 1230 legimus.

1616 1244 1798 1310 Hique
1835 1244 2044 1309 plebem
2076 1245 2368 1306 consulere,
2390 1251 2448 1295 et
2469 1245 2690 1308 rogatio-

1613 1336 1708 1371 nes
1748 1320 1815 1371 sd
1855 1321 2125 1386 populum,
2147 1335 2211 1370 ac
2245 1334 2403 1384 super
2431 1320 2510 1369 bis
2540 1321 2684 1385 leges

1614 1400 1962 1465 promulgare,
1983 1413 2102 1463 quae
2124 1398 2399 1462 plebiscita
2421 1398 2686 1461 appellan-

1613 1483 1718 1539 tur,
1739 1482 2001 1539 ροισι-ωε,
2034 1484 2094 1525 ut
2131 1475 2337 1526 Gellius
2368 1475 2407 1525 l.
2434 1488 2527 1526 xv,
2551 1475 2683 1526 scri·

1612 1554 1712 1604 bit.
1745 1553 1928 1603 Zmin.

1681 1631 1866 1681 Contra
1897 1645 1976 1679 eos
2003 1644 2185 1679 numu
2204 1643 2291 1693 ops
2311 1628 2557 1680 nitebatu-
2581 1631 2683 1693 pls·

1611 1723 1756 1772 reque
1793 1707 2033 1771 nobilitas,
2067 1713 2258 1757 mutus
2291 1707 2559 1771 sub-speeie
2594 1722 2682 1772 pro

1610 1800 1697 1835 rua
1717 1784 2073 1847 magnitudine]
2105 1783 2169 1833 In
2194 1783 2499 1834 Florentino
2517 1784 2683 1835 Vene-

1612 1870 1772 1929 toque
1805 1871 1908 1926 est,
1942 1862 2028 1913 sub
2063 1867 2254 1912 senum
2286 1863 2468 1925 speeie.-
2501 1876 2596 1928 pro
2619 1878 2684 1914 eo

1612 1941 1749 2007 quod
1788 1948 1889 2003 est,
1927 1940 2076 2005 qussi
2114 1939 2427 2003 dignitatem
2473 1947 2682 1991 senatus

1611 2025 1869 2080 tueretur,
1899 2031 2054 2082 quam
2087 2031 2201 2067 esse
2235 2032 2392 2082 qunm
2433 2017 2686 2082 amplissi-

1611 2109 1746 2145 mum
1779 2109 1809 2144 e
1830 2109 1945 2160 rep.
1979 2094 2136 2147 foret.
2210 2096 2271 2145 ln
2315 2093 2686 2157 manuscriptis

1612 2187 1714 2222 nou
1737 2180 1818 2223 est
1838 2173 1924 2222 sub
1939 2189 1957 2223 .·
1987 2172 2041 2222 id
2072 2171 2247 2223 forsan
2283 2173 2335 2222 in
2356 2172 2527 2236 spatio
2549 2171 2684 2242 quis·

1612 2250 1770 2314 piem,
1794 2250 1932 2315 quod
1957 2264 2139 2300 versus
2159 2248 2383 2312 dirimit,
2401 2254 2684 2299 annuunt

1611 2342 1771 2391 super
1791 2328 1890 2378 lise
1905 2327 2138 2378 dictione
2159 2326 2340 2391 speeie.
2329 2343 2344 2356 ·
2377 2326 2501 2376 dein
2521 2326 2708 2390 irrep·‘

1612 2405 1699 2470 sit,
1720 2412 1781 2455 ut
1813 2405 1894 2468 fit,
1927 2406 1981 2455 in
2003 2411 2343 2455 contextum.
2380 2411 2538 2470 utque
2559 2403 2682 2454 iude

1612 2481 1787 2533 forsan
1829 2489 1914 2532 est
1953 2483 2057 2547 legi
2092 2490 2338 2545 coeptum,
2371 2487 2564 2531 metus
2597 2478 2682 2530 sub

1607 2561 1777 2624 specie,
1794 2558 2352 2624 prostrantes-situdinis,
2384 2558 2439 2607 id
2459 2566 2562 2619 est,
2594 2571 2684 2620 pro

1607 2651 1694 2686 sua
1711 2637 1944 2702 poteptiu.
2011 2635 2139 2686 Aur.
2164 2634 2483 2697 Augustinus
2518 2634 2571 2684 in
2594 2647 2683 2686 ιιι.

1608 2712 1675 2762 de
1694 2713 1914 2763 civitate
1937 2712 2065 2774 Dei,
2100 2711 2338 2777 quadum
2372 2727 2402 2761 e
2432 2711 2681 2762 Snllustio

1609 2789 1760 2851 citst,
1784 2804 1901 2854 quae
1924 2790 2061 2840 bunc
2085 2791 2254 2839 iocum
2272 2787 2491 2839 mirifice
2511 2788 2685 2841 decis·

1607 2873 1758 2916 rent:
1789 2868 1805 2894 ‘
1831 2865 2121 2929 Plini-imm!
2146 2865 2330 2929 inquit,
2349 2866 2365 2892 ‘
2385 2863 2577 2926 turbe,
2602 2878 2681 2914 se-

1610 2943 1856 3007 ditiones,
1876 2951 1933 2993 et
1955 2943 2021 2993 sd
2047 2948 2365 3007 postremum
2389 2942 2530 2992 bellu
2558 2941 2683 2991 ciri-

1608 3021 1680 3069 lia
1718 3026 1834 3071 ortu
1873 3025 2014 3083 sunt,
2056 3020 2194 3075 dum,
2225 3019 2378 3084 pauci
2417 3025 2682 3084 potentes,

1597 3112 1820 3164 qnorum
1844 3097 1895 3147 in
1915 3097 2135 3161 gretiam
2155 3097 2390 3162 plerique
2408 3100 2680 3147 concesso-

1607 3174 1865 3238 ruut,sub
1898 3176 2112 3224 honesto
2145 3181 2350 3238 potrum
2383 3181 2477 3224 out
2510 3173 2678 3238 plebis

1606 3254 1826 3303 nomine
1870 3251 2275 3301 dominationem
2336 3248 2680 3313 affectabant,

1605 3329 1831 3393 bonique
1854 3334 1914 3377 et
1943 3328 2063 3377 mali
2095 3327 2238 3376 cives
2265 3326 2552 3390 appellati,
2575 3339 2678 3377 non

1606 3406 1673 3456 ob
1702 3406 1891 3455 merito
1923 3406 1976 3457 in
2009 3418 2176 3468 remp.
2205 3404 2443 3454 omnibus
2477 3405 2678 3468 puriter

1605 3482 1895 3547 corruptis3
1930 3482 2025 3531 sed
2044 3482 2121 3531 uti
2139 3482 2356 3546 quisque
2375 3482 2678 3545 locupletis·

1606 3563 1764 3612 simus
1786 3569 1842 3612 et
1860 3561 2052 3625 injuris
2067 3560 2311 3622 validior,
2325 3559 2449 3624 quis
2465 3572 2679 3622 presen-

1605 3639 1683 3689 tiu
1707 3637 2051 3701 defendebat,
2069 3652 2166 3702 pro
2189 3636 2326 3688 bono
2346 3634 2675 3687 ducebatur-..⁹

1668 3790 1873 3841 Senatus
1892 3790 2170 3854 snbspecie,
2195 3804 2285 3853 pro
2315 3804 2406 3839 sun
2436 3789 2678 3851 magnitu-

1601 3866 1735 3930 dine]
1769 3867 1913 3918 Alibi
1936 3873 2068 3928 erut,
2090 3866 2174 3916 mo
2196 3871 2388 3929 sendus
2418 3867 2585 3931 specie.
2617 3871 2676 3917 et

1603 3943 2030 4009 distinguendum
2067 3951 2188 4020 post
2225 3944 2396 4008 speeie.
2465 3944 2675 3995 Deinde

1600 4019 1933 4071 inferendum
1951 4036 2039 4084 pro
2059 4036 2146 4071 sua
2159 4022 2513 4083 musi-e.
2547 4022 2675 4071 Por·

1603 4111 1662 4146 ro
1681 4099 1952 4162 utriusque
1974 4097 2235 4162 expositio
2261 4105 2382 4162 post
2401 4099 2677 4163 sequitur.

1600 4174 1617 4203 ⁴
1643 4174 1809 4238 Purs,'
1830 4174 2056 4240 inquit,‘
2079 4189 2182 4240 quo
2199 4178 2428 4225 Senatus
2449 4174 2674 4226 unctori-

1602 4258 1684 4302 tns
1722 4252 1953 4302 maxima
1989 4251 2146 4315 foret,
2177 4252 2368 4302 bonum
2407 4251 2672 4316 publicum

1600 4329 1932 4394 simulantes,
1955 4342 2052 4394 pro
2072 4342 2170 4379 sus
2189 4327 2410 4395 quisque
2435 4329 2674 4397 potentis
