2984 4892
508 363 567 409 1
1504 355 1750 406 tunssx

509 520 922 635 {timim
939 500 1585 631 ‘rssrnfflihiss'ffi‘ssffi

508 646 579 691 00
642 641 894 689 Romanos
916 634 1165 685 invadunt
1187 637 1252 682 50
1302 629 1582 695 fusi,fuga-

514 706 660 771 tique
684 709 745 754 67
772 713 827 753 et
849 706 913 753 7-1
981 715 1158 814 εονιῗι
1195 712 1312 811 Ἕω
1352 697 1402 746 in
1438 696 1580 810 {zedi-

512 768 830 899 {gsgpfffffi
841 779 1247 882 uxeilrtsogiicltltsnt
1261 776 1465 876 {zu’effi
1469 776 1578 876 ἔξιτε

510 899 659 952 cibus
698 908 753 950 et
791 896 1108 947 abstinentia
1142 898 1207 943 89
1274 892 1466 956 pabulo
1491 907 1577 956 pe·

513 966 647 1018 coris
691 965 854 1028 magis
895 976 1045 1028 quam
1093 973 1219 1009 arvo
1264 957 1476 1007 student
1514 961 1579 1007 90

511 1033 815 1097 plerumque
836 1030 974 1078 lacte
1013 1033 1070 1076 et
1103 1023 1269 1075 ferina
1306 1020 1582 1072 vesceban-

580 1112 606 1146 r
626 1100 691 1145 89

519 1106 840 1213 tuNumidiae
882 1172 1025 1222 pars,
1061 1154 1258 1205 firmior
1291 1153 1582 1215 Jugurthae,

514 1223 798 1294 speciosior
843 1221 1123 1273 Adherbali
1168 1219 1394 1270 traditur
1434 1217 1467 1270 J
1519 1220 1584 1293 lt}

552 1292 605 1343 ui
625 1289 787 1353 legati
810 1288 875 1337 ad
901 1288 1066 1351 ipsam
1089 1282 1423 1335 dividendam
1442 1282 1581 1331 missi

514 1308 732 1417 aerim,
751 1353 877 1402 ibid.
915 1351 1029 1416 ejus
1053 1351 1197 1414 origo
1221 1365 1281 1400 ac
1303 1349 1432 1398 situs
1448 1351 1509 1396 17
1528 1352 1583 1396 et

516 1427 599 1483 18,
623 1425 721 1472 dcc.
763 1418 1154 1479 incrementum,
1174 1414 1302 1465 ibid.
1347 1417 1582 1463 vastatur

520 1501 554 1537 a
576 1484 797 1537 Metello
820 1489 882 1533 53

583 1553 743 1604 Num
776 1550 971 1614 regium
994 1545 1129 1598 filius
1168 1559 1328 1611 reguo
1369 1542 1587 1594 frustra·

515 1622 605 1668 tur
637 1618 679 1667 F
700 1614 816 1680 als,
839 1618 900 1664 ιε

1033 1808 1083 1859 O

589 1940 815 1993 Obscuri
838 1940 997 1990 vitam
1023 1938 1217 1989 virtute
1252 1941 1310 1984 et
1347 1934 1590 2010 iunocen-

525 2008 601 2057 tia
619 2013 834 2057 tuentur
854 2005 890 2057 J
912 2010 974 2056 85
1041 2017 1218 2054 eorum
1243 1999 1386 2050 facta
1406 2012 1588 2064 paucis

530 2078 652 2123 nota
675 2073 719 2121 C
740 2076 801 2121 51

591 2136 845 2187 Octavius
865 2134 1004 2186 Rufo
1028 2139 1252 2200 quaestor
1273 2131 1306 2182 J
1334 2133 1429 2179 104

591 2200 712 2267 Ope
733 2216 933 2251 summa
956 2201 1050 2250 uiti
1097 2198 1141 2248 C
1165 2203 1192 2246 1
1216 2204 1271 2246 et
1292 2199 1356 2245 38
1410 2193 1443 2246 J
1480 2197 1515 2242 9
1537 2197 1592 2241 et

531 2269 592 2316 1⁴¹
660 2271 717 2316 et
740 2266 864 2315 alias
885 2279 1026 2329 saepe
1520 2323 1531 2336 ·

591 2331 651 2379 L.
677 2331 916 2394 Opimius
934 2327 1142 2389 Constnl,
1156 2324 1432 2390 legationis
1455 2337 1591 2387 prm·

527 2409 675 2458 ceps,
720 2409 751 2444 a
787 2396 916 2458 Jug.
954 2392 1306 2456 corrumpitur
1341 2390 1378 2442 J
1421 2393 1482 2438 16
1528 2389 1589 2465 C.

528 2459 830 2521 Sempronio
886 2459 1142 2519 Graccho,
1195 2463 1251 2505 et
1305 2455 1384 2505 M.
1408 2454 1592 2504 Fulvio

528 2524 717 2573 Flacco
761 2522 1079 2584 interfectis,
1115 2521 1304 2572 Consul
1339 2519 1591 2570 acerrime

526 2588 795 2703 victoriagn
819 2586 1105 2639 nobilitatis
1129 2589 1182 2637 in
1205 2584 1414 2650 plebdm
1447 2597 1593 2634 exer·

530 2658 616 2704 eet
656 2653 728 2703 ibi
771 2690 784 2706 .

593 2690 777 2770 Oratio
820 2717 1136 2769 Adherbalis
1179 2731 1353 2768 coram
1397 2715 1596 2764 Senatu

595 2849 781 2900 Oratio
805 2850 1002 2899 Bocchi
1034 2863 1129 2914 per
1164 2848 1507 2911 interpretem
1529 2844 1597 2895 ad

531 2914 727 2979 Syllam
748 2914 782 2966 J
811 2919 906 2964 110

595 2979 782 3029 Oratio
807 2979 1026 3030 Caesaris
1050 2980 1095 3030 C
1116 2984 1178 3028 51

598 3043 783 3094 Oratio
806 3045 868 3095 C.
894 3044 1130 3096 Memmii
1150 3044 1187 3096 J
1209 3047 1271 3093 31

598 3108 786 3158 Oratio
804 3111 1044 3161 Catilinae
1057 3124 1162 3174 qua
1172 3108 1468 3173 conjuratos
1481 3107 1599 3155 hor-

533 3179 677 3225 tatur
701 3175 744 3224 C
764 3178 830 3224 20
895 3176 1152 3239 ejusdem,
1188 3189 1292 3238 qua
1312 3172 1601 3223 exercitum

600 3302 790 3353 Oratio
833 3304 1045 3355 Catonis
1089 3304 1336 3354 adversus
1382 3300 1600 3353 Caesaris

535 3369 848 3418 seutentiam
874 3370 916 3419 C
940 3374 1004 3418 52

601 3432 788 3482 Oratio
813 3433 1097 3493 legatorum
1118 3433 1305 3482 Manlii
1339 3433 1383 3482 C
1405 3435 1468 3481 33

601 3497 789 3548 Oratio
827 3498 990 3548 Marii
1028 3498 1292 3562 popularis
1324 3495 1600 3547 admodum

603 3626 792 3678 Oratio
834 3628 1075 3692 Micipsa
1110 3628 1183 3681 ad,
1215 3625 1526 3691 Jugurtbam
1565 3624 1600 3675 J

605 3756 791 3809 Oratio
812 3758 967 3823 Sylla²
993 3758 1060 3808 ad
1087 3758 1346 3807 Bocchum
1368 3757 1404 3808 J
1431 3761 1527 3806 102

604 3822 765 3873 Orbis
788 3824 1040 3887 generalis
1061 3822 1245 3873 divisio
1267 3822 1300 3872 J
1330 3826 1389 3872 17

606 3887 744 3939 Orta
764 3888 937 3939 omnia
954 3888 1201 3941 occidunt
1220 3887 1253 3937 J
1278 3891 1310 3937 2

1083 4083 1129 4132 P

605 4210 772 4262 Parta
825 4211 1069 4263 amittere
1137 4211 1301 4277 majus
1361 4209 1610 4279 dedecus,

424 4352 435 4361 .
544 4288 698 4341 quam
720 4275 849 4326 nihil
871 4276 1136 4343 peperisse
1158 4275 1194 4329 J
1218 4281 1281 4328 31
1306 4281 1362 4329 et
1383 4280 1446 4328 85

1725 502 1889 553 Pater
1909 501 2070 555 tilium
2093 510 2250 556 necat
2272 506 2648 572 conjurationis
2678 509 2732 560 in

1659 567 1876 631 patriam
1902 570 2209 634 participem
2233 572 2277 622 C
2298 575 2364 623 39
2408 573 2550 638 quod
2573 575 2732 639 inju-

1659 647 1716 681 su
1743 647 1836 682 suo
1855 634 1910 683 in
1929 635 2130 686 hostem
2155 645 2416 699 pugnarat
2433 644 2499 688 52

1723 698 1929 762 Patres,
1952 701 2101 764 Reip.
2129 701 2310 751 Roma
2346 702 2604 767 praesides
2641 719 2730 769 ap·

1659 763 1836 825 pellati
1860 764 1903 815 C
1925 769 1958 814 0

1724 828 1783 877 L.
1824 830 2013 879 Paulus
2054 831 2166 894 lege
2199 832 2410 882 Plautia
2446 833 2730 884 Catilinam

1656 891 1942 955 interrogat
1966 896 2008 945 C
2038 900 2099 945 31

1722 958 1838 1007 Pax
1862 959 2079 1010 diversis
2102 961 2154 1010 in
2178 963 2441 1012 mentibus
2480 977 2600 1013 esse
2630 978 2732 1013 non

1657 1030 1834 1086 potest
1852 1025 1885 1075 J
1913 1030 1997 1088 40,
2017 1030 2114 1076 dcc.
2179 1027 2292 1077 baec
2316 1026 2445 1077 foris
2471 1029 2732 1079 Romanu

1658 1087 1711 1136 in
1736 1089 1993 1139 lasciviam
2017 1091 2245 1155 conjecit
2263 1096 2326 1142 ‹ss
2399 1094 2518 1157 ejus
2556 1092 2736 1144 funda·

1658 1160 1834 1203 menta
1865 1154 1909 1204 F
1931 1159 2046 1219 343,
2070 1160 2130 1205 17

1724 1218 1979 1282 Pecunia,
2016 1222 2243 1271 maxima
2279 1223 2545 1286 pernicies
2579 1224 2734 1274 borni·

1658 1297 1778 1334 num
1843 1284 1884 1333 F
1922 1286 2037 1349 uo,
2079 1291 2109 1336 3
2187 1287 2298 1349 ejus
2335 1288 2573 1337 studium
2618 1288 2732 1353 paci

1660 1350 1920 1399 communi
1937 1348 2124 1411 officio,
2142 1351 2271 1400 ibid.

1725 1414 2004 1465 Persarum
2047 1416 2211 1479 origo,
2251 1424 2413 1481 atque
2445 1417 2582 1467 situs
2614 1419 2651 1470 J
2675 1421 2735 1468 1⁸

1659 1493 1713 1528 se
1753 1493 1848 1543 per
1886 1481 2144 1530 connubia
2178 1482 2406 1531 Gaetulis
2453 1484 2734 1547 permiscu-

1661 1558 1769 1609 ere,
1791 1543 1918 1594 ibid.
1960 1546 2132 1595 alveos
2154 1548 2360 1597 navium
2383 1547 2622 1598 inversos
2643 1562 2742 1614 pro

1665 1618 1721 1658 tu
1761 1608 1883 1659 uriis
1904 1610 2153 1673 habuere,
2173 1611 2303 1661 ibid.

1778 1687 1939 1736 erses,
1981 1675 2215 1740 Philippi
2250 1675 2407 1741 filius,
2450 1677 2506 1727 in
2549 1677 2736 1728 somnis

1662 1738 1860 1789 occisus
1894 1740 1936 1788 F
1959 1744 2075 1801 313,
2099 1746 2132 1791 9

1667 1870 1709 1921 C
1729 1804 1988 1868 Petreius,
2028 1805 2244 1856 Antonii
2286 1807 2518 1858 consulis
2541 1807 2738 1874 legatus

1731 1933 1954 1984 Philaeni
1976 1936 2080 1985 vivi
2107 1944 2246 1986 terra
2274 1935 2452 1987 obruti
2487 1954 2591 2003 pro
2627 1938 2742 1987 Pc-

1666 2013 1847 2048 norum
1870 2014 1982 2064 rep.
2001 1999 2037 2051 J
2061 2005 2125 2050 79

1732 2064 1987 2114 Philenon
2008 2081 2112 2116 arae
2134 2067 2168 2118 J
2197 2072 2258 2117 19
2282 2074 2336 2118 et
2357 2072 2426 2118 79

1732 2128 2010 2180 Phoenices
2028 2132 2222 2196 oppida
2258 2134 2428 2183 multa
2465 2133 2526 2183 in
2562 2133 2741 2184 Affic-

1667 2193 1948 2245 condidere
1970 2195 2004 2247 J
2034 2201 2096 2246 19

1732 2259 1957 2310 Picenus
1976 2276 2100 2324 ager
2123 2262 2167 2312 C
2191 2267 2254 2311 57

1734 2325 1831 2376 Cn.
1871 2324 1992 2375 Piso
2023 2324 2274 2377 factiosus
2306 2328 2350 2378 C
2377 2332 2439 2378 18
2509 2328 2738 2393 conjura·

1667 2389 1822 2440 tionis
1843 2398 2045 2453 auctor,
2065 2392 2191 2442 ibid.
2259 2394 2514 2446 Quaestor
2539 2393 2594 2443 in
2617 2393 2738 2443 cite·

1669 2455 1851 2504 riorem
1877 2454 2186 2520 Hispaniam
2221 2465 2522 2523 propretor
2563 2459 2742 2508 missas

1671 2525 1732 2570 19
1796 2519 2125 2585 interficitur,
2155 2521 2277 2572 ibid.

1671 2586 1797 2699 CC.
1842 2585 2046 2636 Pisonis
2089 2594 2146 2636 et
2190 2586 2412 2638 Caesaris
2449 2587 2738 2639 inimicitia

1736 2714 2065 2765 Pistorieusis
2090 2730 2216 2779 ager
2236 2718 2280 2768 C
2302 2722 2365 2766 57

1734 2780 1946 2830 Plautia
1967 2781 2050 2830 lex
2085 2781 2128 2830 C
2150 2786 2208 2831 31

1735 2845 1914 2895 Plebis
1937 2846 2157 2894 secessio
2179 2862 2210 2896 a
2232 2846 2489 2911 partibus,
2530 2856 2589 2898 et
2627 2863 2740 2898 eas·

1673 2925 1732 2959 sa
1753 2910 1796 2959 C
1820 2914 1882 2960 33
1917 2910 2030 2974 ejus
2055 2912 2239 2976 inopiae
2264 2914 2604 2976 subventum,
2623 2914 2740 2963 ibid.

1738 2975 1899 3025 Plebs
1940 2976 2134 3026 urbana
2173 2976 2378 3026 infamis
2413 2986 2470 3027 et
2507 2992 2669 3041 egens
2699 2978 2739 3029 C

1674 3043 1736 3088 37
1804 3039 2043 3090 Catilinae
2067 3041 2278 3106 incepta
2302 3042 2518 3105 probat.
2541 3044 2670 3094 ibid.
2690 3050 2742 3093 et

1673 3108 1737 3154 48
1805 3105 1919 3169 ejus
1959 3121 2084 3169 opes
2123 3107 2329 3172 quaudo
2367 3108 2664 3160 imminuta
2681 3114 2744 3159 39

1673 3175 1826 3219 antea
1847 3185 2093 3220 novarum
2115 3187 2284 3222 rerum
2308 3173 2573 3235 studiosa,
2608 3174 2742 3226 Cati·

1675 3234 1795 3284 linoe
1817 3236 2033 3286 consilia
2054 3238 2288 3288 execrari
2311 3242 2375 3288 48
2433 3239 2553 3303 ejus
2575 3240 2744 3302 animi,

1674 3306 1796 3413 ffiz‘
1814 3300 2303 3417 ‘'5532‘332‘3333
2305 3304 2745 3419 {1¹⁰5ffl‘5m·¹⁸⁶’

1674 3428 1755 3479 dis
1776 3430 1931 3480 rebus
1953 3432 2232 3481 insolentia
2251 3436 2317 3481 40
2369 3446 2485 3481 eam
2521 3433 2744 3484 Gracchi

1674 3494 1731 3543 in
1786 3494 2082 3546 libertatem
2146 3496 2412 3547 vindicare
2473 3507 2743 3561 conantes,

1676 3559 1984 3611 occiduntur
2001 3565 2066 3611 42

1742 3625 1983 3690 Pompeii
2006 3626 2253 3675 remotior
2284 3626 2350 3677 ab
2385 3627 2518 3677 urbe
2549 3628 2746 3680 exerei-

1678 3697 1781 3747 tus,
1799 3690 2042 3741 Catilinae
2061 3706 2206 3754 spem
2225 3692 2418 3755 incepti
2440 3694 2744 3755 perficiendi

1681 3755 1829 3804 auxit
1852 3756 1896 3804 C
1915 3759 1977 3804 16
2011 3756 2193 3805 Crasso
2209 3756 2399 3806 invisus
2417 3763 2480 3807 17
2515 3760 2632 3823 ejus
2657 3774 2743 3823 po·

1679 3821 1846 3870 tentia
1867 3819 2196 3870 formidolosa
2219 3825 2280 3870 19
2331 3819 2397 3871 ad
2425 3824 2622 3874 bellum
2643 3838 2744 3874 ma·

1678 3885 1906 3935 ritimum
1929 3894 2086 3949 atque
2119 3885 2537 3937 Mithridaticum
2561 3890 2743 3939 missus

1680 3954 1744 4000 39
1809 3950 1919 4013 ipse
1941 3960 1997 3999 et
2021 3951 2235 4000 Crassus
2266 3953 2507 4002 eonsules
2530 3954 2743 4005 nib-ui-

1681 4016 1813 4065 ciam
1838 4020 2150 4078 potestatem
2174 4017 2454 4066 restituere
2475 4021 2544 4067 38
2581 4032 2741 4083 popa·

1681 4079 1801 4131 laris
1845 4080 1886 4129 F
1928 4083 2044 4142 29⁷,
2091 4083 2150 4129 10
2227 4094 2320 4130 sua
2355 4081 2558 4132 Martia
2603 4081 2740 4132 faeta

1680 4151 1968 4208 enumerat,
1988 4144 2114 4196 ibid.
2155 4146 2327 4195 hostes
2361 4161 2459 4210 per
2493 4148 2656 4210 Alpes
2683 4147 2734 4195 in

1681 4209 1989 4276 Hispaniam
2036 4211 2328 4273 summovit,
2364 4211 2482 4261 ead.
2524 4209 2736 4276 Epistol.

1679 4275 1748 4328 de
1784 4281 2076 4327 commeatu
2108 4283 2166 4326 et
2201 4275 2456 4328 sumtibus
2485 4277 2738 4344 queritur,
