2984 4892
1006 366 1313 416 nubum
1334 360 1339 363 ’
1360 366 1701 418 CATILIN-

442 515 505 560 et
547 507 891 560 certissimam
922 507 1034 560 fore
1071 511 1299 576 putavit,
1338 526 1514 578 quam-

445 601 597 653 quam
618 587 833 636 meliore
857 587 1027 637 animo
1056 597 1194 652 sunt,
1216 605 1367 655 quam
1392 607 1513 657 pars

440 666 804 731 patriciorum,
839 673 1103 730 potestate
1136 675 1307 719 tamen
1341 677 1514 719 vestra

440 742 887 793 continebuntur.’
977 744 1189 795 Portins
1237 748 1416 811 Latro,
1461 749 1513 797 in

440 818 826 869 declamatione
870 820 921 869 in
964 822 1331 873 Catilinam:.‘
1355 824 1411 874 Si
1447 825 1512 874 L.

441 895 723 945 Catilinam
764 904 992 955 constat,
1024 898 1138 949 dies
1179 914 1372 960 omnes,
1407 916 1514 952 om-

438 974 582 1022 nium
602 973 792 1023 civium
813 975 1151 1038 conscientia,
1168 976 1353 1027 sivein
1377 976 1512 1043 foro,

436 1050 547 1100 sive
583 1051 637 1100 in
664 1053 844 1101 turmis
869 1067 1053 1116 agere;
1090 1069 1227 1104 nuuc
1263 1055 1512 1119 stipatum

437 1126 669 1178 catervis
726 1130 988 1178 exoletum
1042 1145 1327 1193 serrorum,
1375 1147 1512 1182 nnnc

439 1219 563 1254 vero
585 1204 913 1268 gladiatoriis
954 1207 1246 1269 agminibus
1287 1221 1381 1271 per
1418 1222 1511 1258 ora

432 1279 593 1344 vulgo
617 1281 789 1345 palam
816 1281 1143 1332 obvolitare.'
1182 1285 1383 1348 Popmu.

510 1358 601 1407 Uti
654 1359 961 1421 gladiator-ta
1001 1359 1213 1418 seruilia
1269 1360 1507 1425 Captum]

434 1431 545 1482 Hic
569 1433 1017 1484 commentatores
1052 1436 1178 1485 nibil
1211 1435 1278 1486 ad
1300 1451 1410 1487 rem
1432 1437 1507 1486 di·

434 1516 579 1559 cunt.
644 1508 796 1559 Alius
831 1510 1036 1574 qnidam
1060 1511 1136 1562 ita
1167 1513 1403 1576 exponit,
1423 1513 1506 1564 uti

428 1586 741 1648 gladiatorie
757 1587 983 1651 sensilia,
1006 1590 1061 1638 id
1086 1596 1185 1652 est,
1204 1590 1298 1654 ipsi
1314 1591 1505 1652 gldioe

428 1663 625 1714 tomis
634 1663 855 1726 futilius
873 1667 1138 1731 distributi,
1147 1668 1505 1731 permuaicipia

426 1742 843 1807 Macram,
884 1758 950 1794 ne
995 1747 1177 1795 Romae
1222 1747 1501 1796 tumultum

428 1830 724 1885 moverent,
746 1831 804 1872 ut
828 1832 981 1874 antea
1002 1824 1097 1874 sub
1116 1824 1368 1910 Spartaco
1390 1822 1499 1874 fac-

431 1903 546 1948 tum
575 1904 677 1957 est,
696 1905 855 1963 atque
873 1900 970 1949 boc
996 1913 1091 1963 pro
1106 1899 1355 1964 cujusque
1387 1914 1499 1948 mu·

427 1974 613 2040 nicipii
655 1975 870 2040 opibus:
925 1991 1042 2041 quae
1088 1977 1352 2026 sententia
1390 1990 1498 2025 non

427 2051 649 2101 multum
673 2052 826 2102 abest
845 2067 876 2101 a
910 2067 1051 2103 vero.
1116 2051 1255 2101 Illud
1276 2053 1500 2114 cujusque

429 2127 631 2177 Badius
647 2128 879 2192 exponit,
897 2128 1104 2179 scilicet
1120 2128 1346 2188 sensilia.
1390 2129 1497 2179 Sed

428 2204 493 2255 C.
537 2204 758 2255 Caesaris
806 2205 965 2256 verba
1008 2206 1057 2254 in
1089 2206 1343 2271 oratioue,
1377 2221 1495 2271 quae

425 2287 613 2346 postea
663 2281 913 2346 sequitur,
959 2282 1187 2332 ostendit
1228 2283 1295 2333 de
1332 2284 1495 2333 muni-

424 2358 582 2422 cipiis
624 2358 1036 2422 intelligendum.
1103 2360 1180 2409 Ea
1201 2359 1278 2408 ita
1299 2358 1493 2409 liabent

425 2433 496 2484 ad
518 2432 673 2483 finem
706 2434 816 2498 ejus
853 2434 1115 2494 orationis,
1140 2434 1230 2484 ubi
1266 2433 1332 2484 de
1371 2449 1492 2499 cap·

423 2511 550 2561 tivis
591 2512 904 2562 sententiam
946 2509 1161 2561 delinit:
1216 2510 1232 2538 ‘
1269 2512 1372 2561 Sed
1416 2512 1493 2563 ita

422 2585 650 2650 censeo,'
688 2587 876 2652 inquit,
909 2586 926 2615 ‘
946 2587 1283 2650 publicandas
1310 2602 1491 2639 eorum

424 2665 694 2729 pecunias,
708 2671 764 2714 et
798 2665 935 2728 ipsos
963 2664 1015 2713 in
1051 2664 1266 2714 vinculis
1298 2666 1492 2716 liaben-

418 2744 517 2794 dos
542 2759 638 2810 per
672 2743 949 2807 municipia
970 2758 1089 2808 qum
1123 2744 1346 2794 maxime
1380 2744 1491 2810 opi·

419 2818 515 2869 bus
536 2819 750 2871 valent?
783 2819 919 2870 Haec
940 2820 1047 2870 ille.
1090 2820 1232 2871 Glar.

485 2897 622 2946 Car.
638 2900 699 2946 sl
721 2896 906 2953 Quibus
923 2896 1062 2946 rebus
1075 2903 1289 2961 maiole
1304 2897 1491 2962 ciuitas,

419 2973 1280 3038 dqueinunatutcsscinurbiserat]
1306 2976 1488 3025 Ferme

422 3060 506 3102 est
527 3058 587 3101 ut
604 3051 932 3116 pronuntiem
954 3040 1103 3113 illud,
1122 3057 1335 3115 permoto
1369 3052 1487 3101 ciui·

415 3134 511 3191 us,
534 3134 716 3178 natum
741 3143 772 3177 a
794 3129 997 3193 glossa;
1031 3135 1179 3178 certe
1202 3143 1383 3191 parum
1401 3128 1486 3177 ba-

416 3203 511 3255 bet
533 3204 673 3270 quod
695 3205 781 3255 hic
803 3213 944 3269 agat,
973 3212 1030 3255 ut
1063 3204 1218 3255 etiam
1253 3206 1485 3256 substan·

414 3282 579 3333 tivum
594 3287 717 3334 emt.
752 3283 1029 3333 Gruterus.

484 3361 654 3426 Neque
671 3362 788 3423 loco,
806 3375 954 3424 neque
979 3361 1159 3411 homini
1174 3362 1392 3424 cuiqnam
1408 3376 1485 3411 sa·

410 3437 481 3486 tis
517 3437 733 3500 aedae]
795 3438 1041 3488 Totidem
1086 3438 1258 3488 verbis
1295 3438 1351 3487 in
1386 3438 1483 3489 Ju-

411 3514 586 3579 gurth.
619 3516 637 3545 ‘
664 3515 851 3580 Neque
889 3516 1026 3578 loco,
1068 3529 1234 3579 neque
1272 3515 1480 3565 mortali

411 3591 675 3657 cuiquam,
712 3607 883 3658 neque
930 3593 1149 3656 tempori
1203 3593 1328 3643 satis
1369 3607 1480 3643 cre-

413 3666 572 3719 dere:
617 3669 834 3719 cimon.

481 3745 651 3809 Neque
695 3745 866 3796 belam
902 3760 1090 3810 gerere,
1130 3759 1278 3809 aque
1316 3761 1483 3810 pacem

408 3820 601 3888 mm]
634 3823 723 3873 Sic
740 3824 989 3887 Jugurth.
1024 3824 1228 3889 ‘neque
1250 3824 1480 3887 praelium

407 3896 602 3963 facere,
618 3914 788 3966 neque
809 3902 971 3955 otium
994 3901 1137 3964 pati.’
1177 3901 1326 3951 Ideni.

471 3978 555 4028 Aa
588 3977 675 4026 Ιωσ
710 3979 931 4029 mulieres
967 3979 1135 4043 quum
1171 3995 1259 4043 pro
1294 3980 1478 4043 reipub.

406 4054 761 4119 unguit-dine]
816 4056 971 4107 Meus
1006 4057 1139 4107 liber
1160 4071 1260 4106 non
1295 4058 1478 4120 habet,

400 4145 506 4196 pre.
568 4132 679 4182 Sed
713 4132 839 4198 quid
872 4133 917 4183 si
949 4135 1213 4198 legamus?
1269 4136 1352 4186 Aa
1391 4134 1480 4185 hoe

404 4208 643 4271 aliua,
673 4209 842 4273 quibu
864 4210 945 4260 ille
974 4212 1126 4259 tuso·-
1157 4211 1377 4261 iasolitus
1406 4211 1481 4260 ix-

404 4287 630 4345 maeret,
657 4299 746 4348 pro
776 4286 963 4350 reipub.
984 4287 1478 4354 muodlsduoeffio·

402 4365 509 4410 ture
527 4359 660 4411 sese}
691 4359 860 4414 Idem.

2528 359 2660 427 437

1679 478 2662 582 mmm.mm1

1589 592 1708 643 Hoc
1743 609 1775 644 a
1807 594 2106 659 quibusdam
2132 602 2188 646 et
2217 595 2420 645 inverse
2447 597 2661 660 legitur,

1587 675 1644 719 et
1661 684 1910 734 perverse
1928 671 2228 735 exponitur.
2295 671 2417 721 Non
2449 677 2532 721 est
2563 671 2659 720 du·

1587 746 1729 797 bium
1783 749 2080 798 Sallustium
2127 749 2306 798 dicere
2349 749 2501 812 velle,
2538 762 2657 798 cum

1587 829 1694 874 tam
1717 838 2035 889 magnumsc
2055 831 2159 873 tam
2185 830 2372 888 potens
2394 831 2532 874 esset
2555 824 2657 873 Ro·

1585 913 1790 950 manum
1813 901 2108 963 imperium,
2139 906 2199 949 ut
2220 914 2322 949 non
2344 898 2500 949 facile
2524 901 2660 964 quis-

1586 990 1740 1040 quam
1788 976 2032 1025 Romanis
2077 975 2265 1024 bellum
2300 974 2536 1037 inferret,
2577 975 2656 1024 in·

1586 1058 1796 1101 suetum
1820 1066 1882 1101 ae
1911 1051 2175 1101 insolitum
2208 1050 2369 1101 fuisse
2402 1051 2656 1116 omnibus,

1585 1126 1809 1177 maxime
1851 1141 1977 1177 vero
2010 1127 2311 1178 mulieribus
2347 1126 2469 1179 belli
2504 1128 2654 1179 timo

1584 1221 1713 1256 rem.
1753 1208 1895 1257 Geor.

1650 1282 1833 1340 Quibus
1869 1299 1959 1348 pro
2013 1283 2242 1348 Reipubl.
2295 1256 2650 1348 magnitudine]

1791 369 1953 420 car.
1998 355 2108 423 31.

1583 1359 1885 1423 Legendum
1917 1362 2077 1425 juxta
2099 1360 2405 1421 Gruterum,
2425 1360 2649 1424 Reipubl.

1580 1439 1924 1501 mog-situatae.
1990 1440 2078 1489 Sic
2101 1446 2159 1490 et
2181 1440 2249 1489 ad
2271 1430 2537 1489 minimum
2560 1439 2650 1488 de-

1579 1529 1693 1565 cem
1715 1514 2109 1566 membranacei.
2146 1517 2248 1566 Pro
2271 1515 2496 1579 Reipubl.
2518 1530 2651 1578 nug·

1577 1591 1813 1654 situdinis,
1827 1591 2087 1642 invectum
2103 1606 2134 1641 a
2157 1590 2446 1655 Pomponio
2467 1591 2648 1652 Lat03

1577 1676 1749 1733 neque
1771 1667 1908 1716 enim
1953 1666 2212 1731 prioribus
2248 1666 2506 1716 intererat
2538 1665 2647 1716 edi·

1579 1743 1823 1794 tionibus.
1869 1744 2018 1793 Grai.

1645 1820 1879 1883 Rugum
1893 1837 1915 1879 ,·
1946 1821 2104 1870 omniu
2130 1834 2323 1884 pavere,
2350 1819 2460 1883 ξω]
2506 1820 2644 1871 Pall.

1578 1899 1735 1961 pretii
1753 1897 2045 1948 edecumati
2076 1897 2205 1947 nihil
2237 1895 2432 1947 abeunt
2453 1896 2520 1947 ab
2542 1896 2643 1948 hac

1572 1974 1850 2039 scriptura,
1886 1974 1986 2024 nisi
2025 1972 2162 2039 quod
2197 1974 2330 2024 Naa.
2367 1974 2519 2024 initio
2555 1975 2646 2024 ba·

1574 2052 1766 2114 buerit,
1810 2053 2102 2115 recogitm:
2157 2051 2344 2117 quibus
2387 2058 2515 2101 aetas
2559 2058 2644 2102 est

1572 2128 1835 2179 recentior
1850 2129 2125 2193 adiiciunt,
2144 2129 2360 2191 rogitare
2382 2129 2528 2189 Deos,
2546 2143 2645 2179 om-

1572 2205 1654 2254 nia
1690 2220 1881 2269 ρευσς,
1912 2205 2050 2271 quod
2083 2219 2178 2255 cur
2210 2218 2315 2253 non
2357 2204 2514 2253 etiam
2551 2202 2643 2253 ad·

1569 2282 1795 2345 mittam,
1826 2281 1957 2332 facit
1989 2281 2313 2346 praecedens,
2333 2295 2502 2330 mus
2531 2294 2643 2344 stip·

1563 2359 1712 2423 plices
1730 2361 1793 2408 ad
1814 2361 1978 2410 coelum
1998 2360 2217 2409 tendere.-
2253 2357 2338 2423 qui
2371 2357 2468 2407 boc
2501 2357 2637 2406 enim

1569 2433 1718 2496 facit,
1752 2435 1929 2501 utique
1971 2442 2125 2500 rogat
2159 2436 2318 2484 Deos.
2385 2433 2635 2485 Putarem

1569 2512 1741 2575 potius
1799 2511 2163 2576 repetendum,
2199 2511 2413 2572 rog-itare
2454 2509 2635 2572 omniu,

1565 2591 1721 2640 omnia
1751 2606 1959 2655 muers,-
1993 2597 2053 2641 ut
2091 2590 2286 2641 dudum
2320 2589 2544 2639 iudicavi
2581 2589 2636 2639 in

1565 2666 1756 2718 libellis
1780 2668 2146 2730 suspicionum.
2197 2666 2343 2716 Idem.

1631 2744 1760 2806 Lege
1784 2742 2002 2805 Plautio]
2052 2741 2194 2792 Tulit
2213 2741 2344 2791 hauc
2361 2741 2531 2806 legem
2554 2743 2632 2793 M.

1565 2823 1806 2873 Plautius
1845 2823 2050 2873 Silanus
2083 2822 2321 2872 tribunus
2358 2821 2541 2886 plebis,
2579 2822 2635 2871 in

1566 2918 1652 2953 eos
1674 2903 1763 2968 qni
1782 2900 1939 2954 vel“vi
1962 2902 2201 2967 rempub.
2225 2909 2633 2966 oppugnassent,

1565 2982 1648 3030 vel
1692 2981 1824 3031 clam
1861 2988 1918 3031 et
1954 2981 2074 3031 dolo
2108 2979 2326 3031 aliorum
2358 2978 2515 3029 saluti
2556 2978 2632 3029 in·

1563 3061 1720 3111 sidias
1742 3061 2010 3112 fecissent.
2075 3061 2259 3111 Cicero
2282 3060 2349 3109 de
2371 3058 2631 3122 responsis

1561 3138 1869 3204 Aruspicum
1890 3157 1904 3189 z
1929 3141 1945 3169 ‘
1971 3137 2182 3189 Deinde
2214 3151 2331 3187 eum
2352 3135 2444 3185 ille
2477 3134 2633 3198 saxis,

1562 3222 1618 3265 et
1638 3215 1856 3277 ignibus,
1878 3222 1933 3264 et
1967 3213 2128 3277 ferro,
2161 3214 2460 3264 vastitatem
2504 3213 2632 3264 meis

1560 3292 1758 3341 aedibus
1795 3291 2075 3355 intulisset,
2109 3290 2344 3341 decrevit
2387 3290 2630 3354 Senatus,

1558 3382 1649 3418 eos
1672 3366 1759 3431 qui
1793 3367 1847 3416 id
1879 3365 2145 3429 fecissent,
2177 3368 2295 3431 lege
2318 3366 2384 3417 de
2417 3366 2488 3429 vi,
2511 3382 2628 3432 quae

1559 3451 1638 3493 est
1671 3443 1724 3493 in
1755 3458 1865 3504 eos,
1901 3443 1989 3507 qui
2033 3443 2322 3493 universam
2370 3442 2628 3508 Rempnb.

1557 3528 1961 3585 oppugnassent,
1977 3520 2177 3570 teneri.’
2200 3521 2349 3572 Idem
2365 3535 2461 3585 pro
2475 3522 2628 3572 Milo-

1558 3611 1656 3646 ne:
1681 3599 1696 3624 ⁸
1719 3597 1871 3649 Hanc
1886 3611 2013 3647 vero
2032 3597 2388 3662 questionem,
2408 3598 2507 3648 etsi
2520 3612 2626 3649 non

1558 3680 1640 3725 est
1671 3673 1868 3739 iniqua,
1890 3688 2150 3738 nunquam
2191 3681 2364 3724 tamen
2399 3675 2622 3731 Senatus

1557 3750 1978 3802 constituendam
1991 3751 2217 3816 putavit.
2229 3753 2394 3802 Erant
2406 3752 2541 3802 euim
2553 3754 2626 3802 le·

1554 3843 1665 3893 ges,
1678 3836 1824 3879 erant
1842 3828 2178 3893 quaestiones;
2191 3828 2272 3877 vel
2283 3827 2349 3879 de
2364 3826 2526 3891 cede,
2537 3829 2624 3878 vel

1553 3903 1620 3953 de
1633 3905 1703 3954 vi:
1715 3919 1814 3955 nec
1829 3911 2033 3955 tantum
2045 3919 2335 3966 merorem,
2347 3919 2409 3954 ae
2422 3905 2623 3956 luctum

1549 3982 1763 4033 Senatui
1795 3996 1932 4033 mors
1962 3982 2028 4033 P.
2051 3981 2224 4033 Clodii
2246 3980 2538 4043 adferebat,
2561 3989 2622 4032 ut

1550 4074 1682 4111 nova
1703 4059 1923 4125 quaestio
1945 4056 2392 4110 constitueretur?
2459 4059 2621 4109 Acce·

1551 4137 1632 4186 dit
1653 4144 1710 4187 et
1730 4137 1880 4200 hujus
1902 4135 2148 4187 orationis
2169 4135 2429 4197 interpres
2467 4134 2620 4184 Pedi-

1551 4228 1709 4265 anus:
1732 4214 1748 4242 ‘
1772 4210 2016 4275 Deinde,’
2040 4212 2228 4277 inquit,
2242 4214 2259 4241 ⁴
2280 4216 2402 4273 post
2425 4224 2618 4275 paucos

1550 4291 1663 4341 dies
1678 4290 1816 4354 apud
1831 4288 2132 4340 Considium
2156 4297 2486 4354 quoestorem‚
2499 4289 2617 4355 lege

1551 4368 1786 4435 Plautia,
1816 4367 1885 4421 de
1906 4365 1977 4432 vi,
1995 4365 2374 4433 subscriptione
2410 4364 2614 4432 eadem,
