2984 4892
516 408 652 503 818
1172 424 1569 476 mactastis
1619 420 2055 475 Βιιιτιοιιυιι

523 577 677 641 1565
707 577 780 640 C.
801 576 1042 640 Salustii
1073 576 1263 657 Crispi
1290 576 1367 638 de
1397 575 1806 655 conjuratione
1836 575 2108 638 Catilinae
2135 586 2197 640 et
2222 576 2299 638 de
2326 576 2487 638 bello
2514 579 2733 658 Jugun

598 677 762 737 thino
790 654 1063 746 bistoriae,
1092 678 1210 735 ὅτε.
1256 694 1393 734 cum
1437 675 1648 734 lodoci
1692 674 1859 734 Badii
1903 674 2163 736 Ascensii
2191 663 2731 754 explanationibus,

589 776 659 833 et
685 774 934 833 aliorum
962 768 1208 832 doctiss.
1228 772 1474 831 virorum
1507 771 1936 832 commentariis
1963 781 2023 831 et
2050 770 2546 831 annotationibus.
2612 773 2736 832 'Qe-

535 871 548 901 ·'
592 870 784 930 netiis.
814 860 1484 929 F01.-Bib.ssmtiuck.
1516 867 1583 927 P.
1619 881 1729 927 111.
1758 886 1822 945 p.
1852 867 1950 929 36.
1987 866 2045 927 ιἰ.
2076 875 2219 929 303.

523 966 678 1038 1567
708 966 779 1027 C.
808 965 1064 1025 Sallustii
1092 964 1221 1025 Cris
1197 965 1282 1045 spi
1304 960 1642 1041 coniuratio
1663 965 1933 1029 Catiliuoe
1955 978 2014 1027 et
2041 966 2257 1026 bellum
2276 964 2732 1048 Iugurthinum.

601 1064 946 1145 Fragmenta
972 1063 1240 1143 ejusdem
1274 1064 1686 1137 Historiarum,
1713 1084 1746 1122 e
1767 1064 2153 1141 scriptoribus
2174 1064 2428 1143 antiquis
2456 1064 2537 1123 ab
2567 1063 2737 1123 Aldo

600 1161 896 1233 Manutio,
921 1160 1109 1225 Paulli
1138 1161 1179 1221 f.
1208 1160 1478 1243 collecta.
1538 1160 1780 1222 Scholia
1810 1160 1948 1221 Aldi
1979 1162 2255 1221 Manutii.
2316 1160 2507 1220 Index
2535 1178 2735 1220 rerum

591 1263 661 1319 et
688 1258 919 1319 verbor.
952 1239 1433 1318 memorabilium.
1479 1256 1714 1317 ‘Aldus
1746 1256 2054 1318 Manutius
2097 1257 2282 1318 Paulli
2323 1257 2367 1319 f.
2396 1261 2473 1321 A.
2503 1258 2590 1318 N.
2619 1256 2741 1344 Ve-

542 1402 548 1407 -
597 1359 774 1418 uetiis
807 1374 881 1420 Μ.
889 1374 956 1418 1).
967 1361 1208 1434 van!
1237 1365 1294 1419 8.
1304 1355 1696 1418 —Reuouai’d
1726 1356 1946 1417 Annal.
1973 1357 2109 1417 Vol.
2140 1374 2187 1417 1.
2212 1378 2350 1437 pag.
2358 1354 2525 1429 363.

520 1454 914 1515 ——Coloniae.
944 1462 1000 1515 8.
1031 1474 1101 1513 ex
1132 1474 1253 1514 rec.
1286 1454 1441 1514 Rivii
1475 1464 1537 1514 et
1570 1454 1735 1516 alior.
1767 1474 1903 1514 cum
1926 1462 2158 1514 anuott.
2200 1454 2579 1515 Melanchtb.
2601 1473 2737 1515 800.

600 1552 882 1612 Glareani
907 1559 965 1611 et
992 1553 1121 1613 Jac.
1150 1554 1300 1612 Bon.
1327 1559 1557 1612 auuott.

525 1648 683 1711 1568
712 1649 990 1710 venetiis.
1024 1659 1080 1711 8.
1115 1649 1370 1709 Sallustii
1395 1650 1745 1737 Fragmenta
1768 1648 2013 1710 collecta
2035 1649 2116 1709 ab
2139 1652 2279 1709 Aut.
2299 1647 2659 1711 Riccobouo
2678 1668 2740 1709 c.

527 1758 542 1777 ⁸
605 1746 964 1806 tre-Eadem
993 1740 1142 1805 libro
1175 1747 1424 1807 Riccob.
1452 1745 1528 1806 de
1557 1745 1820 1806 Historia
1847 1746 2166 1865 subjuncta·
2192 1734 2573 1817 38311.1579.

531 1848 685 1913 1570
713 1844 1080 1924 Autwerpiae.
1113 1853 1169 1906 8.

529 1949 674 2009 1571
712 1941 783 2001 C.
812 1940 1004 2020 Crispi
1033 1939 1268 2000 Salustii
1293 1938 1372 1998 de
1400 1937 1808 2020 conJuratione
1836 1938 2105 2000 Catilluae
2131 1948 2192 1999 et
2227 1938 2304 1999 (le
2332 1936 2496 1999 bello
2519 1941 2745 2017 Iugur·

602 2036 766 2096 thino
808 2037 1067 2097 historia.
1109 2035 1381 2109 Londini,
1423 2056 1495 2096 ex
1545 2036 1777 2097 officina
1821 2038 1919 2097 Jo.
1969 2035 2287 2118 Kiugston.
2319 2042 2379 2097 8.
2384 2035 2741 2117 —Brugge·

603 2150 784 2193 manu
810 2152 946 2213 pag.
979 2131 1118 2200 526.
2476 2148 2483 2153 ·

522 2227 2615 2313 4383110480.8.οιιιιιοοι136181·.οι(ἒω1.800.(3ιιι·..180.3οιι.οει.

529 2335 688 2394 1572
716 2326 1295 2387 Lovanii.12.cum
1338 2320 1493 2386 notis
1536 2322 1833 2405 Cypriani
1860 2344 1898 2386 a
1943 2328 2194 2405 Popma.
2200 2320 2463 2385 —Notae
2492 2306 2744 2404 quidem

602 2421 769 2502 parvi
795 2422 1191 2485 aestimautur:
1234 2421 1344 2483 sed
1369 2421 1657 2483 variantes
1684 2422 1963 2483 lectiones
1991 2440 2067 2484 ex
2095 2438 2190 2483 vt.
2220 2420 2420 2485 Codd.
2450 2422 2653 2483 babet.

1449 2568 1683 2632 AETAS
1723 2571 1800 2631 V.
1862 2610 1867 2618 -

1341 2696 1368 2793 J
1415 2698 1836 2770 1573-1606.

524 2810 823 2874 Auctores
852 2812 1034 2874 habet
1059 2812 1434 2874 Ludovicum
1464 2813 1824 2885 Carrionem,
1857 2813 2037 2893 Lipsii
2065 2813 2321 2876 amicum
2349 2821 2416 2875 et
2439 2813 2741 2885 annulum,

604 2909 706 2989 qui
731 2910 985 2993 Sallustii
1013 2910 1249 2989 scripta,
1281 2932 1416 2990 quae
1442 2920 1774 2991 supersunt,
1816 2911 2010 2972 multis
2038 2906 2319 2985 millibus,
2350 2921 2420 2972 ut
2449 2913 2577 2992 ipse
2605 2931 2747 2990 pro-

539 3032 544 3040 ·
608 3002 827 3077 fitetur,
859 3006 1006 3068 locis
1031 3006 1272 3068 meliora
1300 3005 1505 3080 edidit,
1527 3019 1583 3068 et
1609 3010 1951 3088 Fragmenta
1980 3007 2353 3069 historiarum
2380 3020 2565 3087 atque
2594 3010 2747 3069 Ora-

533 3114 550 3123 ·
593 3103 792 3162 tiones
819 3103 896 3163 ad
927 3105 1221 3167 Caesarem
1253 3104 1430 3169 do'cte
1458 3105 1806 3165 illustravit.
1852 3115 1977 3166 tum
2006 3105 2076 3166 Ρ.
2108 3104 2514 3177 Ciacconium,
2546 3105 2741 3166 tribus

537 3198 806 3259 Codd
856 3200 1042 3272 usum,
1088 3211 1145 3260 et
1192 3200 1327 3260 Hel.
1378 3201 1754 3262 Putschium.
1820 3202 2046 3263 Praeter
2078 3222 2181 3262 eos
2219 3203 2288 3261 P.
2316 3203 2657 3275 Victorius,
2669 3204 2743 3265 F.

523 3298 542 3335 ¹
605 3294 875 3369 Ursinus,
906 3278 1178 3359 Muretus
1206 3307 1268 3358 et
1310 3275 1542 3378 Chrpb.
1585 3274 1855 3374 Colerus,
1903 3300 2035 3361 hac·
2063 3309 2241 3361 aetate
2287 3299 2569 3379 profuere
2615 3299 2747 3360 Sal·

531 3391 840 3451 103110.
1139 3418 1150 3429 =

535 3495 688 3575 1573
721 3491 791 3549 C.
824 3488 1022 3568 Crispi
1073 3490 1328 3550 Sallustii
1368 3491 1573 3571 Opera
1608 3511 1746 3571 quae
1780 3501 2003 3565 extant,
2046 3492 2261 3554 edente
2296 3500 2367 3554 et·
2398 3505 2747 3554 recensente

612 3585 764 3644 Lud.
794 3586 1485 3667 Carrione.-Antwerpiae,
1512 3608 1582 3648 ex
1600 3587 1764 3648 offic.
1786 3590 2038 3649 Plautia.
2072 3599 2128 3651 8.
2138 3590 2507 3650 -Praestaus
2527 3589 2745 3650 editio:

526 3682 914 3743 ss-Venetiis-
948 3694 1004 3745 8.
1035 3678 1194 3761 apud
1224 3684 1475 3747 Aldum.
1482 3686 1883 3747 —Reuouard
1912 3687 2124 3748 Annal.
2154 3688 2287 3747 Vol.
2321 3706 2369 3749 1.
2400 3705 2537 3766 pag.
2568 3694 2716 3749 385·

525 3812 607 3827 --
591 3779 895 3844 Sallustii
946 3781 1140 3861 Crispi
1187 3783 1555 3858 coniuratio
1572 3784 1843 3843 Catilinae
1900 3794 1962 3845 et
2016 3785 2255 3847 benum
2291 3783 2743 3913 ⁴iugurthinum.

516 3885 520 3888 ’
535 3877 879 3950 ‘Londini,
910 3878 1244 3939 excutiebat
1272 3880 1455 3940 Henr.
1485 3879 1917 3941 Middletonus.
1949 3889 2007 3941 8.

534 3978 690 4042 1574
718 3974 988 4036 Sallustii
1003 3976 1203 4053 Opera
1248 3996 1283 4035 a
1329 3975 1482 4037 Lud.
1529 3975 1811 4037 Cari-ioue
1859 3976 2111 4037 collecta
2159 3984 2220 4038 et
2267 3976 2551 4049 restituta,
2596 3996 2743 4037 cun

541 4090 548 4099 ·
610 4082 840 4136 annott.
871 4083 931 4132 et
959 4075 1148 4134 seluo.
1161 4092 1276 4167 ap.
1307 4074 1439 4133 Pet.
1472 4076 1615 4135 Saut
1645 4074 2053 4135 Andreanuml
2081 4081 2164 4135 8.·
2366 4098 2376 4107 ·

528 4201 608 4213 -
635 4168 890 4230 Parisiis.
921 4179 979 4231 8.
1009 4154 1233 4231 Eadeur
1263 4170 1532 4251 repetita.

536 4262 691 4333 1576
723 4264 1049 4327 Florentiae.
1081 4277 1144 4329 8.·
1168 4288 1204 4329 e
1227 4278 1346 4330 rec.
1377 4269 1446 4329 Ρ.
1472 4267 1724 4330 Victorii
1751 4288 1824 4330 ex
1852 4269 1973 4330 Ms.
2004 4265 2227 4332 Medio·
