2984 4892
945 450 1437 516 FRAGMENTA,
1527 453 1676 505 mn.
1722 457 1775 503 1.

253 590 384 646 fiisse
430 606 496 643 ex
550 594 648 644 hoc
701 595 819 644 loco
858 594 1035 659 colligi
1086 602 1294 659 potest;

251 683 392 734 quem
428 679 602 722 tamen
639 687 741 722 uon
785 674 900 736 hoc,
923 672 1016 721 sed
1059 673 1293 737 proximo

247 760 369 798 anno
393 764 677 802 ncuxvn.
702 752 849 801 simul
874 767 992 803 cum
1017 754 1115 803 Cn.
1132 753 1295 803 Octa-

250 823 324 874 vio
362 826 578 890 primum
621 828 889 892 adeptum.
944 828 1131 894 Neque
1166 828 1295 879 illud

247 905 751 966 praetermittendum,
788 906 1042 968 Qua-sivit,
1084 906 1139 955 in
1197 909 1294 957 hoc

245 979 563 1045 Fragmento,
583 996 676 1046 pro
717 981 961 1046 Rogavit,
982 982 1296 1032 obsecravit·

245 1070 338 1120 que
375 1058 596 1122 positum
638 1075 772 1122 esse,
806 1060 874 1109 ab
912 1059 1113 1124 antiqui
1152 1059 1294 1110 verbi

241 1132 555 1199 formatione,
581 1137 770 1199 Qnoeso,
797 1137 1048 1192 Quaeseret
1082 1150 1148 1186 ne
1183 1136 1294 1201 quis

242 1214 550 1279 praeteritum
595 1214 733 1264 istud
788 1228 819 1263 e
846 1214 1021 1269 Quaero
1057 1213 1295 1263 derivan-

244 1286 376 1353 dum,
398 1291 476 1340 rei
513 1290 850 1341 similitudine
876 1290 1144 1355 deceptus,
1162 1291 1293 1341 falso

241 1377 389 1429 porro
410 1367 506 1416 sibi
530 1367 843 1432 persuadere
865 1368 1092 1432 insistat,
1102 1367 1242 1433 quod
1264 1383 1297 1418 a

239 1449 404 1493 mente
429 1443 686 1494 Histoi-ici
717 1445 869 1494 nimis
894 1458 1047 1510 quam
1069 1445 1294 1495 alienum

236 1520 405 1575 fuerit.
438 1524 628 1591 Neque
650 1526 754 1575 alio
772 1523 1099 1575 referendum
1123 1540 1295 1575 exem-

236 1598 372 1662 plum
400 1601 615 1662 Phocae,
635 1601 722 1666 qui
747 1600 987 1665 Quaerere,
1008 1601 1150 1666 apud
1170 1602 1295 1653 Tul-

233 1673 351 1725 lium
389 1684 444 1728 et
492 1678 791 1728 Sallustium
834 1683 1064 1728 nostrum
1101 1680 1296 1729 lectum

234 1766 344 1803 esse
381 1753 578 1804 diserte
616 1754 834 1805 notavit.
891 1754 1042 1806 Quod
1077 1755 1163 1805 alii
1193 1770 1296 1819 quo

233 1826 488 1881 referrent
531 1831 847 1895 ignorantes,
887 1831 1101 1881 verbum
1143 1831 1299 1895 istud,

231 1909 290 1953 ut
322 1905 713 1972 Fragmentum,
739 1908 881 1958 inter
904 1910 1106 1959 incerta
1126 1909 1297 1974 Crispi

232 1979 413 2034 inscite
428 1991 735 2050 posuerunt.
766 1987 957 2037 Duum.

293 2059 572 2126 Philippus]
613 2060 660 2110 A
682 2061 866 2112 Servio
897 2063 933 2113 l.
955 2076 1034 2113 rx.
1058 2063 1169 2114 AEn.
1193 2079 1297 2114 non

228 2146 467 2199 expresso
501 2138 730 2188 historias
772 2154 988 2190 numero
1025 2141 1136 2190 baec
1176 2139 1299 2191 affe·

229 2220 438 2263 rantur:
475 2229 596 2279 quae
617 2214 756 2279 quod
796 2213 1090 2279 fragmento
1125 2217 1298 2281 proxi-

226 2301 305 2337 me
322 2291 668 2356 consequenti
685 2300 762 2342 est
786 2293 841 2342 1..
861 2292 1091 2358 Philippi
1109 2294 1298 2359 oratio,

227 2361 325 2415 buc
346 2366 618 2430 pertinere
640 2381 745 2417 non
768 2368 1024 2418 dubitavi.
1060 2370 1249 2419 Carrio.

286 2442 524 2494 Manae
581 2446 742 2494 vellens
785 2446 958 2496 Patres
1005 2447 1296 2512 Con-scripti]

224 2516 293 2570 Et
338 2520 548 2587 reliqua
586 2535 698 2584 quoe
735 2528 1036 2586 sequuntur.
1087 2523 1297 2587 Confer,

225 2609 419 2662 quaeso,
439 2599 527 2649 hic
569 2600 691 2649 mibi
729 2599 870 2650 inter
892 2616 949 2651 se
993 2600 1169 2666 capita
1204 2600 1297 2650 illa

222 2686 396 2725 rerum
419 2678 708 2743 contraria,
726 2678 1025 2744 videbisque
1050 2678 1295 2743 Reipubl.

221 2750 413 2814 quietas
454 2752 728 2817 aptissime
762 2753 1074 2804 seditionum
1116 2753 1295 2804 turbas

220 2829 449 2892 opponi3
485 2827 779 2882 defemioni
819 2829 1064 2895 Reipubl.
1088 2828 1295 2880 seditio·

219 2917 308 2953 nes
329 2913 524 2955 contra
546 2919 721 2956 eornm
742 2905 1019 2970 bominum,
1041 2921 1169 2971 qnos
1191 2921 1293 2955 ma·

221 2980 356 3032 xime
378 2981 594 3033 easdem
619 2981 897 3048 probibere
919 2981 1161 3046 decebat,
1185 2997 1298 3048 pra-

219 3071 283 3107 va
320 3057 555 3125 denique
590 3059 837 3125 inempta,
878 3065 1078 3111 tantum
1115 3060 1295 3110 abesse

218 3134 368 3198 dicit,
388 3143 452 3186 ut
473 3134 858 3186 consultoribus
892 3137 997 3186 suis
1020 3151 1190 3198 noxae,
1213 3139 1296 3186 vel

218 3209 542 3263 incommodi
565 3211 756 3277 aliquid
781 3212 1008 3276 pariant,
1028 3219 1087 3263 ut
1109 3224 1296 3264 contra

215 3289 373 3339 etiam
426 3304 462 3339 a
506 3289 704 3340 Senatu
753 3291 820 3341 iis
863 3290 1295 3356 obtemperetur:

217 3377 439 3430 queque
463 3366 676 3429 pessimi
706 3380 770 3416 ac
795 3366 1081 3416 stultissimi
1119 3365 1297 3418 decre-

213 3441 408 3506 verint,
431 3457 500 3492 ea
525 3441 672 3492 bouis
693 3448 751 3492 et
771 3442 1095 3507 sapientibus
1116 3444 1297 3496 adver-

215 3531 302 3567 sus
334 3519 503 3569 animi
540 3519 616 3568 sui
658 3519 972 3574 sententiam
1010 3519 1114 3572 sint
1149 3536 1298 3573 exse·

216 3595 444 3657 quenda.
481 3596 669 3647 Dona.

282 3671 668 3735 flagitiosorum
703 3675 986 3740 postremus]
1033 3673 1098 3723 In
1142 3675 1299 3739 epist.

215 3744 599 3798 mithridatis}
642 3750 658 3776 ‘
683 3748 986 3800 Postremus
1031 3763 1298 3800 servorum

213 3821 552 3876 Archelaus!
589 3824 749 3876 ciacc.

280 3901 382 3957 Qui
415 3901 655 3966 peior-,un
687 3902 907 3964 ignavior
942 3902 1301 3967 sit,dsliberm·i

212 3991 304 4026 ιιοιι
339 3977 536 4043 potest]
585 3978 781 4028 Eadem
803 3977 917 4027 fere
953 3979 1193 4044 loquendi
1221 3993 1299 4031 ra·

211 4056 359 4106 tiene
382 4069 518 4105 usus
537 4063 738 4119 postea.
779 4069 882 4121 quo
901 4055 1018 4104 loco
1039 4056 1186 4106 uobis
1205 4058 1299 4107 Cn.

209 4131 428 4184 Iaentissi
452 4140 699 4182 naturam
715 4138 773 4182 et
791 4146 958 4182 mores
975 4132 1174 4182 duobus
1187 4147 1300 4183 ver-

210 4207 314 4274 bis,
343 4223 411 4260 ac
460 4222 564 4258 sno
601 4222 762 4271 more,
800 4207 948 4273 quasi
990 4207 1044 4256 in
1088 4209 1301 4273 speculo

210 4288 520 4341 cernendos
544 4288 802 4353 proponit.
838 4281 1202 4350 Fragmentum
1225 4287 1300 4337 sic

211 4366 377 4419 babet
404 4381 422 4418 ε
483 4364 884 4416 ‘Pei-incertum
947 4363 1205 4428 stolidior,
1234 4375 1301 4412 an

2301 441 2430 509 691

1369 597 1582 650 vanior?
1618 598 1809 652 Dum.

1437 677 1505 725 Et
1536 690 1587 725 se
1619 692 1645 726 e
1679 675 1932 740 contemto]
1962 676 2026 726 In
2056 676 2171 727 aliis
2205 677 2356 729 deest
2387 692 2433 747 e,

1366 752 1458 802 sed
1483 767 1777 817 perperam.
1814 753 1925 805 Rev.

1441 830 1615 881 Vatum
1650 830 1961 895 carminibus]
1999 831 2136 882 Vide
2171 847 2328 897 supra
2364 835 2432 887 B.

1370 906 1485 957 est.
1509 922 1557 958 c.
1580 912 1663 958 4⁷.

1430 985 1593 1048 Atque
1629 985 1681 1033 id
1708 983 1853 1044 jure.-
1882 986 2097 1049 quoniam
2143 1001 2206 1036 ex
2252 989 2437 1052 rupinis

1371 1058 1699 1122 Consulatum]
1749 1054 1899 1110 Unde
1940 1064 2217 1127 perspicue
2259 1065 2429 1127 palam

1368 1144 1466 1200 est,
1486 1137 1713 1187 historiae
1729 1137 1961 1187 ordinem
1983 1140 2116 1188 male
2137 1139 2186 1188 in
2207 1140 2301 1190 hac
2324 1139 2433 1191 edi-

1369 1212 1509 1262 tione
1530 1220 1811 1276 servatum,
1821 1222 1877 1264 et
1895 1216 2278 1279 Fragmentum,
2290 1219 2427 1283 quod

1366 1290 1544 1340 statim
1581 1306 1734 1355 porro
1756 1306 1787 1341 a
1808 1293 1951 1342 calce
1973 1293 2238 1345 Orationis
2277 1295 2435 1360 liujus

1363 1366 1614 1433 sequitur,
1649 1376 1770 1418 aute
1807 1368 2022 1420 eandem
2055 1372 2430 1423 conlocandum

1368 1458 1499 1494 esse.
1547 1444 1612 1494 Id
1645 1445 1783 1495 enim
1805 1445 1881 1496 sie
1908 1445 2097 1497 babet:
2130 1448 2146 1474 ‘
2166 1448 2260 1498 Uti
2277 1449 2434 1515 Lepi·

1368 1519 1464 1570 dns
1506 1527 1562 1571 et
1598 1520 1812 1572 Catulus
1850 1522 2074 1573 decretis
2110 1525 2429 1577 exercitibus

1369 1599 1672 1648 maturrime
1720 1597 2209 1662 proficiscerentur!
2273 1604 2432 1654 Uter-

1370 1686 1472 1737 que
1500 1673 1700 1725 scilicet
1730 1676 1793 1724 ad
1812 1675 2112 1726 Provincias
2133 1677 2229 1727 sibi
2252 1678 2433 1729 decre·

1373 1756 1485 1801 tas:
1537 1751 1739 1816 Lepido
1780 1752 1916 1801 enim
1966 1754 2139 1804 Gallia
2191 1755 2431 1820 ulterior,

1372 1828 1561 1877 Catulo
1579 1827 1813 1892 ejusdem
1834 1829 2047 1893 collegae
2070 1830 2227 1880 Italia
2256 1847 2323 1881 ex
2343 1833 2431 1883 Se-

1371 1911 1522 1955 natus
1535 1905 1766 1955 consulto
1779 1902 1916 1955 forte
1933 1905 2226 1956 obvenerat.
2247 1908 2432 1959 Domi

1436 1983 1507 2031 At
1524 1982 1704 2031 scilicet
1722 1982 1779 2047 ii,
1793 1983 1876 2046 qai
1891 1985 1956 2031 ad
1972 1987 2255 2046 postremum
2274 1999 2433 2050 usque,

1368 2059 1551 2121 legatos
1563 2073 1744 2122 ρασοηι,
1763 2061 2069 2123 mearam,
2085 2066 2132 2110 et
2155 2062 2252 2111 ulia
2272 2062 2433 2123 hujus-

1370 2138 1549 2187 cemodi
1579 2139 1901 2201 decreverunt,
1915 2139 2131 2199 gratiam
2143 2139 2204 2188 ab
2224 2155 2278 2190 eo
2292 2155 2436 2206 pepe·

1367 2211 1499 2275 rere]
1532 2213 1618 2263 Ita
1649 2220 1732 2264 est
1770 2213 1823 2263 in
1859 2214 2069 2278 nuperis
2102 2216 2435 2283 editionibus,

1370 2303 1521 2341 sensu
1555 2291 1680 2341 satis
1717 2292 2025 2357 perspicuo:
2061 2293 2151 2343 sed
2188 2295 2434 2360 quoniam

1371 2382 1486 2417 cum
1505 2367 1557 2416 in
1576 2369 1856 2433 impressis,
1869 2375 1979 2419 tum
1990 2371 2188 2420 calamo
2205 2371 2434 2422 exaratis

1368 2442 1516 2494 libris
1555 2444 1808 2495 lectiones
1846 2445 2062 2496 mirifice
2088 2447 2306 2508 variant,
2329 2462 2436 2498 sus·

1372 2518 1521 2582 picor
1536 2521 1703 2572 locum
1721 2522 1825 2571 levi
1844 2522 2198 2573 immutatione
2216 2529 2273 2573 et
2291 2522 2437 2573 addi-

1374 2603 1427 2647 to
1449 2598 1754 2662 pronomine
1776 2596 2165 2648 rescribendum
2190 2612 2258 2648 ex
2275 2599 2435 2649 vesti-

1370 2673 1469 2738 giis
1491 2674 1681 2724 veteris
1708 2675 2017 2738 scriptun-aee.
2055 2674 2279 2724 Gratiam
2298 2674 2359 2724 ab
2378 2690 2437 2724 eo

1368 2763 1581 2815 reperere
1608 2750 1722 2813 sibi,
1744 2750 1829 2801 cui
1862 2749 2034 2815 phrasi
2074 2763 2282 2813 prorsus
2315 2763 2436 2799 con-

1368 2827 1569 2890 similis,
1588 2840 1655 2878 ne
1675 2826 1840 2877 dicam
1859 2826 2078 2891 gemina,
2094 2832 2177 2875 est
2190 2823 2436 2877 Plautina

1368 2903 1459 2954 illa
1497 2904 1551 2954 in
1588 2904 1818 2970 Prologo
1856 2901 2143 2954 Rudentis:
2177 2903 2195 2930 ‘
2215 2902 2435 2953 Veniam

1367 2982 1465 3032 sibi
1488 2980 1723 3031 invenire
1748 2995 1781 3030 a
1814 2979 1960 3030 Diis:
2003 2978 2107 3029 Sed
2146 2984 2201 3028 et
2239 2977 2438 3030 Plinius

1367 3059 1524 3118 alibi;
1571 3059 1587 3086 ‘
1609 3057 1843 3109 Gratiam
1903 3055 2166 3118 invenire-,⁹
2205 3054 2437 3118 scripsit.

1369 3136 1559 3201 Neque
1597 3141 1681 3185 est
1708 3134 1845 3200 quod
1880 3147 2186 3200 quemquam
2226 3141 2438 3183 moveat

1369 3228 1470 3264 vox
1491 3214 1584 3264 illa
1601 3213 1695 3264 sibi
1717 3226 1811 3279 pro
1830 3213 2191 3277 supplemento
2212 3210 2439 3277 adscrip-

1370 3296 1443 3340 ta.
1502 3289 1602 3340 Cui
1645 3289 1957 3353 conjecturae
2012 3302 2144 3337 meas
2200 3286 2440 3350 primitus

1370 3367 1691 3417 occasionem
1746 3364 1972 3430 praebuit
2031 3363 2270 3415 lectionis
2322 3365 2439 3429 ejus

1371 3440 1743 3507 affinitas,un
1779 3441 1832 3491 in
1868 3441 1980 3491 aliis
2015 3441 2162 3492 libris
2182 3447 2444 3507 concepta

1371 3519 1567 3584 legitur
1591 3522 1654 3570 ad
1696 3520 1829 3576 banc
1857 3517 2075 3569 faciem:
2115 3519 2442 3570 Gratianum

1372 3598 1455 3649 beo
1483 3600 1740 3664 peperisse.
1806 3598 1965 3661 Scin’,
2001 3599 2124 3664 quid
2168 3599 2440 3665 suspicer?

1371 3688 1560 3740 nempe
1601 3675 1823 3740 ailqnem
1864 3687 1929 3723 ex
1971 3674 2296 3724 sallustianis
2348 3689 2439 3724 ex-

1372 3753 1718 3819 scriptoribus
1779 3752 2141 3817 compendium
2199 3757 2440 3801 notarum

1372 3829 1547 3880 facere
1589 3830 1845 3881 voluisse?
1877 3837 1935 3882 et
1975 3829 2256 3879 secundam
2294 3827 2441 3877 verbi

1373 3905 1626 3972 syllabam
1667 3911 2061 3976 contra-catam
2110 3903 2441 3955 abbreviatae

1373 3983 1438 4033 ad
1478 3983 1616 4032 huuc
1654 3981 1899 4031 modum:
1945 3981 2128 4042 Pepere
2147 3980 2241 4028 si..·
2279 3985 2440 4044 atque

1372 4059 1491 4109 hinc
1514 4072 1671 4124 porro
1702 4058 1818 4107 aliis
1844 4055 2245 4106 succedentibus
2281 4056 2440 4120 gemi-

1373 4152 1468 4187 nas
1490 4149 1646 4186 voces
1685 4135 1936 4186 coaluisse
1971 4135 2024 4183 in
2066 4148 2256 4184 unam:
2300 4135 2441 4185 unde

1380 4213 1625 4277 Peperine
1640 4211 1782 4261 istud
1802 4216 1978 4260 natum
1994 4208 2234 4275 denique.
2255 4210 2443 4260 Denso.

1440 4281 1698 4353 Peperci-e]
1733 4288 1931 4339 Omnes
1956 4292 2216 4336 testantur
2237 4287 2293 4337 in
2311 4288 2444 4339 Mss.

1375 4377 1488 4416 esse
1505 4366 1761 4431 peperisse.
1800 4366 1964 4416 Recte
1981 4363 2140 4430 igitur
2154 4363 2442 4416 Palmerius
