2984 4892
1158 449 1252 512 13³1·
1297 462 1670 517 ema-tous.

300 593 519 655 dificatu
541 599 812 668 delegatus
844 606 984 670 apud
1011 604 1223 658 idoneos
1253 623 1374 659 aue-

299 677 444 721 tores
464 683 569 719 non
593 670 824 721 occurrit

365 733 532 784 Immo
555 747 679 783 vero
702 735 924 786 maxime
957 736 1002 786 C
1020 741 1084 787 52
1109 742 1165 788 et
1187 737 1231 788 F
1254 742 1372 803 868,

297 799 362 851 18
386 805 443 849 at
459 799 660 849 seilicet
680 801 897 866 gratiam
919 801 985 852 ab
1016 817 1078 852 eo
1095 804 1375 870 peperisse,

298 866 458 915 immo
501 865 755 929 despecti,
797 869 897 917 διο.
923 867 966 915 F
986 872 1102 930 280,
1133 872 1197 918 21

363 929 738 992 Immoderata‚
809 932 1156 997 incredibilia,
1220 934 1371 985 nimis

298 995 409 1046 nita
427 1009 490 1046 cu
531 994 669 1048 iebat
688 996 732 1046 C
750 1001 778 1045 5
845 995 1165 1049 fortitudinis
1189 1014 1370 1064 poenas

297 1059 450 1110 dedit
565 1065 631 1112 52
727 1062 1071 1128 eloquentiam
1118 1065 1161 1114 F
1195 1068 1311 1128 862,
1338 1072 1368 1115 5

293 1125 591 1177 incendium
617 1139 741 1177 vero
793 1128 1026 1191 crudele,
1069 1129 1371 1180 immodera-

297 1195 428 1256 tum,
462 1191 686 1256 putabat
726 1164 772 1241 C
806 1196 872 1242 48
937 1194 1045 1244 Cic.
1088 1196 1152 1245 ad
1199 1193 1367 1247 Attio.

293 1257 410 1320 xiii,
428 1259 514 1308 28.
566 1256 865 1322 superbum,
888 1259 1172 1324 crudelem,
1193 1260 1370 1310 immo·

294 1321 538 1372 deratum
556 1321 739 1373 fuisse.
765 1323 964 1373 animus
984 1323 1088 1374 tam
1107 1341 1366 1390 praeeeps‚

297 1393 508 1454 tamque
524 1387 891 1439 immoderatus
915 1388 1016 1440 fuit
1039 1390 1083 1439 F
1101 1395 1215 1454 850,
1239 1394 1301 1441 16

315 1457 326 1464 “
361 1452 678 1504 Immodicus
703 1454 857 1504 animi
883 1454 926 1504 F
948 1458 1061 1518 325,
1080 1459 1146 1505 22
1194 1456 1367 1506 immo-

296 1517 434 1569 dicae
459 1527 670 1569 notatur
689 1520 1187 1581 avaritiae‚Martial.
1211 1522 1365 1586 Epig.

295 1582 354 1647 ii,
377 1587 460 1634 56.
498 1591 556 1634 at
579 1585 681 1636 Ms.
714 1584 841 1634 Cod.
865 1585 1022 1650 Corp.
1050 1586 1244 1637 Christi
1269 1602 1365 1653 pro

293 1655 525 1708 notatur,
549 1648 755 1699 laborat

315 1727 322 1738 ’
360 1714 674 1765 Immortalis
697 1713 868 1781 factus
891 1715 1095 1780 ignavia
1116 1716 1152 1768 J
1173 1720 1236 1767 85
1289 1714 1362 1767 fa·

293 1779 473 1830 cinora
494 1779 685 1844 ingenii
704 1779 918 1845 egregia
938 1781 972 1833 J
1003 1786 1035 1831 2
1103 1781 1243 1832 Deos
1260 1781 1360 1833 Im.

292 1853 386 1895 ros
405 1847 614 1910 appello
638 1846 682 1895 C
700 1851 764 1895 52
831 1848 1082 1896 immunes
1110 1848 1248 1912 apud
1270 1848 1362 1900 Ju-

293 1910 532 1974 gurtbam
556 1911 882 1961 habebantur
901 1911 935 1963 J
957 1916 1023 1961 89
1088 1912 1200 1963 Cic.
1245 1928 1362 1964 vec·

291 1975 529 2040 tigalium
584 1976 811 2040 privatas
865 1975 1152 2040 immuue8,‘
1192 1979 1360 2029 socios

291 2041 576 2103 vectigales
597 2041 859 2106 babemus,
885 2041 997 2092 Cic.
1024 2041 1160 2092 offic.
1183 2043 1255 2107 iii,
1275 2048 1359 2096 65.

357 2105 642 2156 Immutata
680 2104 838 2156 facies
883 2107 1028 2157 urbis
1062 2109 1106 2158 C
1128 2111 1190 2157 31
1277 2124 1362 2158 vo·

287 2171 490 2221 luntate
514 2172 724 2222 occulta
758 2172 984 2236 pectoris
1015 2173 1119 2223 oris
1158 2173 1360 2238 patefe-

288 2236 419 2288 cisse
442 2236 478 2288 J
503 2240 598 2287 113
663 2249 806 2287 more
831 2237 874 2286 C
897 2241 930 2286 6

354 2300 679 2352 Immutilato
702 2317 921 2367 corpore
944 2302 987 2351 F
1010 2305 1125 2360 818,
1149 2305 1215 2352 20

354 2367 432 2418 Im
477 2382 536 2416 ar
557 2374 792 2417 materno
812 2382 1001 2431 genere
1022 2367 1058 2418 J
1081 2372 1139 2417 11
1167 2375 1222 2418 et
1259 2372 1356 2419 108

284 2431 422 2506 (Cic.
505 2447 628 2483 arco
645 2432 1006 2483 benevolentia
1040 2431 1231 2500 impar)
1264 2434 1357 2484 im-

284 2498 402 2564 pari
423 2496 563 2548 fama
586 2499 620 2551 J
640 2502 703 2548 57

307 2565 314 2572 ’
355 2563 678 2628 Imparatum
721 2561 789 2613 de
839 2561 1135 2630 Improviso
1178 2564 1355 2616 confo-

287 2626 416 2679 dere
441 2630 481 2678 (3
505 2633 570 2678 28

304 2698 316 2704 “
352 2693 687 2760 Impediebat
709 2708 740 2743 a
760 2706 886 2744 vero
907 2691 1043 2744 bono
1074 2694 1111 2746 J
1134 2697 1198 2744 80
1261 2693 1354 2744 im-

286 2759 437 2826 pedit
459 2766 639 2826 partus
661 2758 909 2827 quosdam
934 2758 1000 2809 ab
1024 2773 1200 2825 opere,
1213 2760 1353 2812 Piiu.

305 2860 647 2955 “Impeditnsz
666 2905 730 2940 eo
745 2888 926 2940 dolore
941 2888 1222 2955 impeditus
1239 2890 1274 2943 J
1291 2893 1353 2940 88

283 2953 405 3020 fuga
427 2956 461 3008 J
485 2960 552 3006 99
611 2955 759 3007 bonis
780 2954 1181 3020 negotii8,(pro,
1204 2971 1357 3006 occu·

282 3021 455 3086 patus,
489 3036 590 3086 quo
613 3035 766 3071 sensu
793 3020 1072 3086 rarissime)
1095 3022 1137 3071 F
1155 3025 1271 3087 852,
1294 3026 1352 3073 15

283 3089 570 3152 prospectu
624 3085 878 3150 impedito
917 3086 950 3138 J
991 3091 1057 3136 79
1138 3085 1356 3151 impedi-

280 3158 463 3201 menta
524 3149 744 3202 arabant
767 3165 864 3214 per
908 3151 1074 3201 socios
1098 3151 1130 3202 J
1155 3156 1220 3202 40
1261 3152 1357 3213 sic,

279 3216 384 3280 nisi
446 3231 475 3264 u
501 3216 535 3265 d
574 3216 928 3280 impedimenti
953 3216 1005 3265 in
1049 3216 1135 3265 via
1163 3230 1356 3283 passus

280 3288 364 3331 est
465 3279 554 3330 lin.
573 3281 743 3346 Epist.
768 3282 857 3344 xii,
877 3281 967 3331 lib.
987 3286 1037 3332 2.

299 3351 306 3360 “
351 3317 599 3411 impellat
630 3347 695 3396 ad
734 3347 1042 3397 societatem
1077 3346 1195 3396 belli
1222 3346 1267 3398 C
1287 3350 1354 3396 40

283 3409 354 3461 ad
380 3418 581 3462 tautum
600 3409 801 3461 facinus
826 3413 869 3463 C
890 3417 958 3463 49
1023 3412 1287 3479 negotium
1310 3412 1355 3465 C

283 3480 352 3527 44
419 3476 487 3527 ad
527 3477 842 3527 deditionem
886 3477 1026 3540 regis
1071 3479 1296 3528 animum
1316 3475 1351 3530 J

282 3545 352 3593 62
416 3540 545 3594 alios
567 3544 711 3607 pacis
736 3557 853 3607 spes
872 3542 906 3596 J
930 3549 993 3594 65

349 3606 695 3674 Impendebat
729 3614 875 3658 tanta
912 3609 989 3658 vis
1033 3608 1352 3659 creditorum

281 3669 328 3722 1²·
350 3676 468 3735 841,
493 3678 553 3723 15
620 3673 818 3724 consuli
844 3673 1063 3738 periculi
1086 3675 1129 3726 C
1146 3679 1211 3728 28
1264 3688 1353 3726 ne·

282 3737 549 3789 cessitudo
568 3738 667 3788 iuis
686 3739 730 3790 C
748 3743 813 3789 58

311 3844 315 3847 Α
347 3801 640 3868 Impensius
663 3805 816 3853 niodo
853 3805 1052 3869 legatos
1091 3805 1352 3870 supplices

278 3868 548 3920 mitteres
571 3874 635 3920 47
716 3867 957 3919 diffidens
1003 3870 1157 3919 rebus
1196 3869 1351 3923 suis-1

281 3937 350 3983 75
418 3948 554 3984 uunc
578 3949 716 3984 nuuc
751 3935 1032 3998 impensius
1053 3948 1189 3999 unge
1205 3936 1351 3985 Pers.

280 3998 356 4060 vi,
379 4003 445 4052 68
511 3999 716 4066 (Codex
754 4008 930 4049 noster
965 3999 1171 4061 melius)
1193 4014 1354 4064 nunc,

277 4061 421 4114 fiune
433 4064 561 4130 jam.
608 4080 730 4115 uror
755 4065 1053 4130 impensius,
1077 4066 1311 4116 Catullus

350 4127 751 4194 Imperandum:
812 4131 1031 4193 passive.
1065 4146 1184 4180 cum
1237 4131 1350 4198 ipse

280 4192 351 4246 ed
384 4194 453 4244 im
495 4194 742 4246 erundum
785 4194 1030 4245 Tisidium
1069 4205 1350 4246 vocaretur

275 4255 318 4312 5
338 4260 404 4309 02
435 4259 496 4326 (ι.
526 4275 574 4311 e.
609 4267 667 4311 ut
705 4261 771 4310 im
815 4262 1071 4323 cratetur)
1108 4261 1350 4327 Frigidus

279 4322 338 4373 {n
371 4324 538 4389 pratis
578 4333 768 4377 eantau
807 4340 839 4376 o
877 4327 1135 4391 rumpitur
1170 4327 1349 4390 anguis

279 4386 428 4455 virg.
451 4389 514 4443 E.
537 4389 645 4456 viii,
664 4394 750 4443 71.
780 4389 840 4459 (i.
861 4404 911 4445 e.
934 4388 1059 4443 dum
1086 4391 1136 4442 ei
1171 4392 1348 4444 incan-

2396 450 2519 520 xci

1446 608 1628 673 tatur.)
1657 609 1828 676 inquit
1863 611 2075 664 Servius
2120 605 2196 678 et}
2233 615 2519 682 exsuperat

1445 675 1629 739 magis.
1670 675 1768 733 sie,
1798 677 2008 742 uritque
2051 678 2292 730 videndo.
2331 697 2516 744 aegres-

1448 740 1626 805 citque
1644 742 1915 792 medendo.
1933 744 2089 805 κὶἰ,4,
2106 747 2154 794 6.
2188 745 2276 795 ubi
2297 746 2513 798 Petren-

1446 805 1534 869 sis,
1556 806 1828 856 exuberat.
1872 807 1982 859 Cic.
2016 809 2087 872 ix,
2109 815 2192 860 25.
2258 811 2415 863 Nunc
2437 817 2518 864 r'e-

1448 870 1549 920 deo
1573 870 1637 919 ad
1657 872 2016 935 imperandum
2038 875 2118 923 vel
2141 875 2204 924 ad
2223 879 2511 939 parendum

1518 936 1652 986 tius:
1686 938 1759 986 ita
1775 937 1910 987 euim
1934 939 2129 1005 antiqui
2153 940 2514 1006 loquebantur.

1507 1007 1636 1052 orat.
1662 1003 1763 1067 Ep.
1787 1002 1824 1065 i,
1846 1009 1897 1052 5.
1965 1003 2097 1053 Haec
2123 1021 2218 1068 ego
2237 1021 2516 1069 procurare

1445 1072 1502 1115 et
1540 1066 1757 1116 idonens
1798 1068 2023 1132 imperor
2060 1079 2115 1119 et
2159 1086 2260 1120 non
2298 1072 2511 1124 invitus.

1442 1130 1511 1179 im
1554 1131 1923 1196 eranturleges
1946 1147 2012 1184 ex
2031 1127 2411 1188 libidiue'F284
2449 1135 2513 1189 10
2565 1160 2581 1174 ³

1440 1258 1477 1312 J
1500 1265 1526 1311 ¹
1541 1204 1807 1262 inperator
1828 1198 1953 1248 vitae
1994 1201 2286 1250 mortalium
2311 1175 2515 1254 animus

1510 1326 1738 1391 Imperia
1759 1341 1825 1378 ex
1864 1327 1943 1378 bis
1974 1335 2030 1378 et
2066 1330 2453 1393 magistratnsJ
2475 1336 2508 1384 3

1440 1390 1507 1441 ad
1552 1391 1689 1456 Imp.
1740 1399 1797 1443 et
1849 1393 2071 1443 bonores
2130 1399 2365 1447 nituntur
2398 1399 2432 1451 J
2479 1401 2510 1451 4

1440 1455 2117 1574 {ugustzpoiqtgqssessunnte
2138 1460 2226 1576 {i}
2234 1467 2305 1576 lle
2342 1471 2514 1575 nsque

1438 1537 1614 1637 lex-gut
1659 1540 1932 1638 agversum
1979 1541 2407 1645 Hamilcarenfessl
2425 1543 2511 1644 ν737

1439 1659 1630 1714 gerant
1662 1653 1989 1718 habeantque
2029 1670 2121 1706 suo
2146 1657 2295 1707 modo
2320 1657 2360 1706 F
2394 1663 2513 1723 805,

1439 1719 1504 1765 10
1569 1732 1755 1768 nomen
1786 1717 1837 1769 id
1862 1720 2082 1783 primum
2122 1718 2223 1772 suit
2245 1722 2287 1772 C
2308 1726 2340 1773 2
2408 1724 2509 1780 Roz

1437 1782 1578 1831 mani
1603 1785 1787 1833 oemula
1822 1784 1867 1834 C
1909 1788 1973 1834 10
2039 1785 2322 1850 insignibus
2362 1788 2405 1839 C
2444 1794 2509 1840 ³0

1439 1860 1535 1908 per
1557 1847 1684 1913 imp.
1720 1848 2045 1925 majestatem
2069 1850 2104 1903 J
2126 1857 2192 1902 24
2258 1867 2378 1916 pars
2417 1854 2508 1904 do·

1435 1912 1546 1961 lere
1570 1928 1664 1977 pro
1687 1915 1848 1976 gloria
1888 1913 2090 1979 imperii
2114 1916 2146 1967 J
2187 1921 2251 1967 39
2315 1918 2507 1984 quique

1437 1977 1505 2026 ab
1527 1992 1590 2027 eo
1613 1979 1663 2028 in
1688 1980 2033 2044 legationibus
2056 1987 2147 2030 aut
2166 1982 2393 2046 imperiis
2417 1998 2506 2048 pe·

1437 2043 1614 2093 eunias
1658 2045 1987 2109 accepissent
2008 2045 2057 2110 J,
2080 2050 2145 2095 40
2213 2048 2369 2097 animi
2410 2050 2507 2098 uti·

1435 2109 1617 2158 murC
1656 2113 1682 2159 1
1751 2124 1939 2174 magno
1980 2111 2190 2175 praediti
2225 2112 2267 2162 C
2306 2118 2369 2163 51
2437 2114 2507 2166 de

1435 2172 1849 2225 administrando
1904 2176 2038 2239 Imp.
2082 2176 2116 2228 J
2151 2180 2209 2226 11
2297 2179 2506 2231 nomine

1433 2237 1588 2287 modo
1623 2238 1855 2301 Paean
1922 2241 2110 2303 partim
2156 2242 2208 2291 vi
2248 2243 2374 2293 alias
2417 2259 2506 2295 vo-

1432 2302 1639 2354 luntate
1662 2303 1879 2368 imperio
1901 2320 1993 2354 suo
2016 2306 2253 2372 adjungit
2274 2308 2308 2360 J
2333 2313 2395 2359 13
2450 2310 2506 2360 iu

1432 2367 1650 2435 imperio
1674 2378 1851 2420 vestro
1869 2370 1994 2419 nibil
2028 2372 2191 2420 miuus
2226 2379 2506 2437 expectau-

1434 2438 1539 2483 tem
1562 2434 1598 2485 J
1619 2439 1682 2485 14
1748 2436 1920 2485 soluto
1939 2436 1972 2486 J
1992 2439 2058 2486 89
2108 2443 2354 2501 quantum
2376 2445 2508 2490 tem-

1472 2499 1575 2549 oris
1598 2499 1892 2550 aestivorum
1913 2501 1966 2549 in
2004 2501 2223 2565 imperio
2260 2501 2362 2555 fuit
2382 2504 2416 2557 J
2437 2507 2505 2556 44

1430 2514 1630 2614 Γακίοτε
1651 2565 1685 2617 J
1709 2570 1773 2616 64
1839 2566 1941 2615 leri
1963 2566 2303 2630 habebantur,
2325 2570 2504 2619 immu-

1431 2644 1524 2679 nes
1548 2630 1581 2681 J
1606 2634 1671 2680 89
1736 2629 1970 2681 modesto
1992 2631 2154 2681 habiti
2176 2633 2366 2684 milites
2388 2634 2422 2687 J
2440 2639 2506 2686 92

1432 2695 1767 2747 saevissimoJ
1792 2699 1889 2745 100
1953 2697 2125 2746 servili
2173 2698 2374 2762 plebem
2416 2715 2505 2749 ex·

1432 2774 1611 2809 ereere
1636 2759 1679 2808 F
1696 2763 1814 2820 278,
1834 2764 1864 2810 8
1899 2761 2016 2811 vid.
2040 2761 2229 2812 Donat.
2254 2763 2305 2812 in
2330 2762 2499 2818 Andr.

1430 2824 1469 2886 i,
1490 2829 1540 2876 1.
1606 2839 1743 2874 nune
1778 2834 1861 2875 est
1888 2826 2097 2877 Procos.
2123 2841 2239 2877 cum
2265 2828 2502 2893 imperio.

1431 2890 1467 2939 i.
1492 2903 1539 2941 e.
1562 2888 1647 2939 cui
1682 2889 1985 2940 nominatim
2013 2892 2235 2942 dabatur
2273 2892 2410 2957 Imp.
2435 2894 2503 2946 P.

1432 2955 1500 3005 R.
1536 2955 1740 3005 Festus.
1782 2956 1894 3006 Cic.
1925 2956 2022 3007 VI.
2070 2956 2279 3010 verriu.
2320 2958 2502 3010 Plaut-

1430 3021 1648 3070 Trucul.
1686 3020 1763 3085 iii,
1802 3026 1884 3070 55.
1921 3023 2174 3072 communi
2221 3023 2264 3072 F
2307 3027 2424 3086 852,
2468 3029 2498 3073 5

1433 3084 1499 3134 de
1515 3085 1746 3149 Imperio
1782 3092 1987 3136 certare
2012 3088 2054 3137 F
2076 3090 2193 3152 856,
2216 3092 2281 3139 32
2326 3088 2502 3139 adem·

1433 3156 1542 3200 tum
1562 3150 1836 3215 imperium
1858 3151 1901 3200 F
1924 3156 2038 3216 856,
2062 3157 2123 3203 17
2292 3206 2297 3212 ,

1500 3215 1776 3280 Imperitia
1829 3223 1885 3267 at
1923 3232 1986 3266 ue
2042 3217 2270 3269 vanitate
2313 3219 2503 3284 Legati

1432 3281 1699 3399 coginitaJJ
1718 3285 1783 3331 88
1849 3292 1902 3331 ut
1943 3282 2228 3347 prudentes
2258 3299 2374 3334 cum
2407 3286 2502 3336 im-

1547 3347 1613 3396 tis
1694 3350 1762 3397 49

1432 3360 1728 3476 peIrtipetu‚
1761 3412 2006 3476 clamore,
2031 3415 2175 3465 vultu
2209 3415 2445 3468 terrebat
2464 3415 2503 3469 J

1431 3480 1497 3527 34
1565 3475 1778 3528 victoris
1801 3479 2021 3529 sustinui
2048 3481 2269 3547 Ρ298,,7

1497 3541 1742 3609 Impigrae
1783 3543 1986 3607 lingum,
2025 3545 2178 3596 animi
2240 3546 2411 3610 ignavi
2457 3548 2501 3597 Ρ

1431 3610 1601 3671 som}
1664 3609 1887 3670 gladium
1928 3623 2080 3673 quem
2120 3611 2244 3659 satis
2281 3612 2501 3677 impigre

1431 3679 1800 3724 cruentaverat
1841 3674 1874 3725 J
1924 3678 2013 3723 101
2102 3675 2236 3725 baud
2278 3676 2499 3743 impigre

1430 3752 1602 3804 neque
1656 3739 1848 3789 inultus
1886 3738 2145 3790 occiditur
2186 3741 2229 3790 F
2272 3744 2388 3807 822,
2434 3746 2497 3793 10

1432 3811 1485 3854 at
1525 3819 1589 3855 ue
1613 3804 1722 3854 acri
1744 3805 1949 3866 ingenio
1965 3804 1997 3855 J
2021 3809 2053 3854 7

1488 3819 1723 3935 ‘implere
1746 3884 1839 3918 ora
1862 3870 2140 3935 oculosque
2163 3868 2198 3922 J
2223 3875 2289 3922 79

1493 3934 1772 4000 Implicare
1797 3933 1959 3983 aciem
1982 3935 2017 3985 J
2041 3938 2106 3985 59

1492 4000 1768 4064 Impliciti}³
1786 4016 1799 4047 ε
1820 4004 1959 4048 rates
1980 4000 2240 4064 implicitae
2261 4001 2304 4050 F
2325 4005 2442 4064 311,
2464 4007 2499 4053 9

1493 4065 1833 4130 Implorarem
1871 4078 1960 4113 vos
1991 4065 2024 4116 J
2070 4069 2125 4113 14
2196 4066 2281 4116 ubi
2320 4069 2499 4120 evenit

1424 4129 1624 4180 frustra
1638 4130 1840 4194 judicia
1862 4130 2101 4194 implores
2127 4130 2170 4180 C
2191 4137 2257 4180 52

1492 4195 1774 4259 Iuipolluta
1795 4201 1917 4245 sunt
1941 4210 2123 4261 qua‘ve
2145 4199 2369 4247 bumana
2403 4202 2495 4250 aut

1424 4260 1600 4310 divina
1624 4261 1666 4309 F
1687 4263 1805 4320 276,
1831 4263 1866 4307 9
2491 4305 2510 4332 ,

1489 4326 1793 4391 Imponeret
1825 4324 2072 4387 invidiam
2107 4325 2317 4377 Consuli
2363 4326 2409 4377 C
2428 4327 2494 4380 ⁴⁸

1423 4391 1728 4445 servitutem
1759 4389 1959 4445 elvibus
1982 4391 2025 4443 F
2041 4394 2157 4458 852,
2190 4395 2257 4443 19
2318 4392 2498 4459 praesi-
