2984 4892
978 395 1465 460 rammam-223
1560 397 1707 448 ma.
1756 398 1809 449 1.

291 530 518 593 lilani-i
537 532 664 599 quid
686 533 980 600 impediret,
1010 536 1350 589 senatucon-

288 608 421 658 sulto
443 608 516 659 de
549 609 786 660 comitiis
806 611 1164 663 consularibus
1186 612 1347 676 facto,

291 685 537 735 Consules
560 686 792 737 creabat.
822 688 974 737 Solus
995 688 1079 739 hic
1098 689 1345 754 patricius

287 760 614 825 magistratus
631 777 750 813 cum
766 765 921 829 plebe
937 767 1217 817 communis
1237 766 1347 819 fac·

289 844 370 888 tus
393 853 495 889 uon
512 848 609 890 est.
678 841 866 908 Neque
886 842 1023 893 enim
1048 844 1226 908 populi
1244 842 1348 895 suf·

285 913 453 979 fregio
476 917 770 982 creabatur,
806 919 901 970 sed
922 935 953 970 a
977 921 1211 985 patrim'is
1232 921 1347 972 coii-

285 992 492 1044 uutibus
511 997 776 1059 auspicato
806 997 1143 1062 prodebatur,
1163 1006 1222 1050 ut
1248 1005 1346 1048 tes·

284 1074 426 1121 tatur
444 1070 649 1137 Appius
683 1073 929 1125 Claudius
959 1073 1100 1139 apud
1123 1076 1344 1127 Livium.

283 1147 571 1199 Creabatur
600 1157 791 1214 autem,
807 1157 867 1202 ut
880 1152 1142 1204 Pedianus
1164 1154 1342 1221 docet,

280 1224 456 1275 adm.
493 1226 758 1278 Kalendas
795 1228 1043 1281 Februar.
1109 1230 1237 1295 Ejus
1264 1232 1341 1283 of-

281 1300 454 1356 ficium
491 1310 608 1355 erat
630 1306 804 1357 omnia
822 1320 885 1357 ea
916 1308 1083 1373 ohim,
1117 1323 1232 1375 quoe
1256 1312 1341 1361 vel

281 1381 496 1446 Regum,
517 1384 600 1433 vel
623 1384 906 1436 Consulum
932 1384 1167 1437 fuissent.
1235 1386 1341 1438 Ita-

279 1473 398 1524 que·
410 1458 504 1523 jus
541 1459 770 1524 dicebat,
810 1460 1058 1513 Senatum
1098 1465 1338 1528 vocabat,

277 1535 666 1600 Rempublicam
736 1551 944 1605 quoque
1027 1540 1338 1594 turbulentis

279 1612 616 1678 temporibus,
627 1615 724 1665 sub
744 1617 967 1667 extremi
987 1624 1150 1686 atque
1173 1620 1338 1671 ultimi

275 1688 722 1741 senatusconsulti
756 1689 981 1744 formula
1015 1709 1161 1761 soepe
1201 1697 1338 1748 acci·

274 1764 465 1830 plebat,
524 1768 911 1835 surrogatisque
953 1772 1337 1837 magistratibus

276 1842 502 1894 Cousitia
519 1843 762 1897 habebat.
801 1847 961 1897 ἄσκια
977 1848 1205 1902 Gauda.

282 1960 290 1968 .
341 1919 431 1968 vu·
445 1919 679 1983 Lepidus,
697 1927 748 1971 et
768 1924 987 1987 catam,
1005 1925 1113 1990 ξω]
1145 1927 1337 1980 Viden-

272 1991 392 2045 dum
430 2011 504 2046 an
544 1997 612 2047 de
659 1998 794 2050 Bell.
832 2000 954 2051 Ital.
994 2003 1082 2054 hic
1133 2012 1334 2069 agatur.

272 2070 502 2136 Iaepidus
544 2074 679 2126 enim
718 2082 777 2128 et
826 2077 1043 2130 Catulus
1085 2081 1335 2135 Consules

267 2145 527 2200 habentur
560 2150 614 2201 iu
646 2166 796 2203 {enea
829 2152 969 2218 apud
998 2170 1084 2207 me
1120 2159 1335 2225 tabella,

269 2224 322 2274 iu
343 2238 443 2290 qua
465 2226 643 2277 Italici
665 2227 790 2279 belli
811 2227 875 2281 fit
894 2232 1109 2284 mentio.
1149 2234 1313 2286 Ursini.

331 2302 503 2367 Neque
529 2303 724 2356 unu-ibas
744 2311 828 2356 ant
862 2308 1028 2372 lingua
1046 2313 1331 2378 comere]

267 2377 429 2431 Tacit.
452 2380 546 2430 lib.
564 2394 654 2432 ιιι.
695 2382 1007 2448 ‘Oppidani
1027 2400 1197 2452 neque
1213 2404 1333 2441 ocu·

266 2454 345 2521 lis,
357 2471 533 2523 aeque
549 2458 756 2510 auribus
772 2460 900 2512 satis
915 2465 1332 2528 competebant.'

267 2539 326 2586 et
365 2534 509 2587 nist.
553 2536 984 2602 u1.‘'l'repidus
1022 2540 1186 2608 miles,
1226 2543 1333 2595 dux

266 2610 450 2677 segni&
495 2620 554 2663 et
591 2613 758 2664 veluti
787 2620 977 2680 captus
1017 2619 1195 2683 animi,
1227 2635 1331 2672 nou

266 2687 443 2754 lingua
462 2705 572 2741 nou
589 2691 802 2742 auribus
823 2697 1159 2761 competere!
1192 2698 1335 2750 Cita-

269 2769 354 2815 tur
374 2781 408 2816 a
423 2768 642 2820 Donato
659 2768 718 2819 in
739 2770 972 2836 Adelph.
999 2774 1122 2827 Act.
1145 2789 1233 2827 ιιι.
1258 2792 1332 2829 sc.

263 2845 314 2892 2.
324 2844 341 2872 ‘
356 2845 570 2897 Sallust.
582 2845 651 2897 de
660 2847 941 2914 Septimio:
964 2852 1152 2919 Neque
1164 2855 1333 2907 auimo

266 2936 431 2989 neque
454 2924 635 2989 lingua
653 2927 780 2978 satis
798 2930 1079 2993 compote!
1113 2933 1274 2986 Ciuoc.

327 3001 554 3052 Prudens
593 3003 821 3070 mxu]
873 3006 1094 3058 Tacitus
1132 3009 1184 3059 ln
1221 3013 1333 3061 vita

261 3076 558 3142 Agricola:
591 3081 610 3109 ‘
629 3078 874 3131 Ceterum
905 3083 1189 3135 animorum
1211 3101 1331 3151 pro·

262 3153 444 3206 'heim
466 3155 731 3219 prudens!
764 3156 918 3209 Ide-s.

325 3230 608 3295 Profectum
654 3233 788 3283 Sunt
826 3237 914 3300 qui
935 3236 1210 3302 legendum
1233 3254 1326 3305 pu·

267 3312 395 3371 tent,
410 3308 644 3374 Μαι-εἰσ
656 3326 677 3370 ‚-
720 3310 808 3361 alii
831 3326 972 3377 vero,
992 3315 1205 3378 epa-ibas
1218 3332 1326 3367 eon-

251 3383 423 3445 seaeis:
455 3385 550 3436 sed
583 3387 638 3437 iu
673 3402 732 3438 re
764 3388 1006 3455 ambigua
1037 3392 1162 3457 quid
1192 3408 1327 3446 asse·

264 3465 441 3514 vetes?
477 3463 670 3514 Gar-rio.

326 3542 570 3608 Oppidum
596 3543 745 3609 cepit]
794 3544 1019 3596 Videtur
1047 3547 1327 3613 legendum

262 3616 508 3670 obsidium
597 3620 733 3671 Nam
801 3621 1036 3686 Tacitus,
1095 3625 1328 3677 Sallustii

266 3694 554 3759 emulator,
573 3695 651 3746 sie
670 3696 878 3747 locutus
894 3703 976 3748 est
996 3698 1086 3750 lib.
1105 3714 1183 3750 tv.
1206 3716 1327 3752 cum

267 3769 428 3822 dixit:
488 3775 505 3801 ⁶
531 3771 806 3822 Obsidium
839 3774 987 3838 cepit
1017 3790 1115 3840 per
1147 3779 1328 3841 presi-

264 3846 368 3911 dia,
388 3863 506 3915 quae
544 3854 841 3914 opportuna
869 3850 989 3914 jam
1026 3854 1327 3907 muniebat:

323 4000 592 4052 nouam
623 4003 965 4068 proconsulem]
1035 4005 1154 4056 Nou
1194 4013 1324 4071 puto

261 4075 522 4144 designari
580 4080 680 4131 Cu.
723 4080 1009 4132 Domitium
1052 4083 1323 4136 Calvinum

264 4154 536 4206 Consulem
556 4169 691 4206 auno
710 4169 942 4208 noenu.
969 4173 1090 4210 cum
1121 4160 1181 4212 C.
1202 4159 1322 4212 Asi-

264 4230 350 4282 nio
372 4231 632 4296 Pollione,
657 4232 851 4299 quippe
871 4246 939 4284 ex
961 4234 1236 4303 Hispania,
1252 4238 1321 4290 de

263 4322 366 4373 qua
386 4308 598 4364 Preces.
619 4311 1046 4377 triumphaverat.
1077 4314 1214 4380 Imp.
1229 4316 1320 4370 de-

1420 539 1669 591 scribitur
1694 541 1750 592 iu
1784 547 2033 608 argenteo
2073 541 2287 596 denario
2324 544 2485 596 Osee

1420 616 1643 681 signato,
1695 632 1814 669 cum
1868 619 2208 684 inscriptione
2261 624 2481 685 nourr:

1421 692 1548 745 Cos.
1571 695 1729 745 hun.
1754 696 1885 748 Ῑιιι»
1907 697 2073 746 Osca·
2146 698 2309 749 Ursis.

1467 774 1845 839 Dyrrhachium]
1863 775 2211 840 Dyrrhachium
2223 775 2371 839 posui
2382 777 2480 841 pro

1416 849 1675 914 menan,
1708 852 1843 918 quod
1864 852 1939 903 ita
1959 854 2011 901 ln
2037 852 2169 902 libro
2200 852 2480 903 Elnonensi

1416 934 1575 978 esset.
1639 929 1757 981 Quo
1801 929 1958 980 ctiam
1999 929 2156 980 modo
2199 930 2476 992 legendum

1416 1017 1533 1054 esse
1568 1018 1685 1054 cum
1730 1005 1938 1070 quidam
1974 1005 2345 1071 conjecissent,
2387 1005 2479 1056 alii

1414 1095 1512 1145 pro
1534 1087 1683 1132 certo
1704 1081 1779 1144 id,
1800 1082 1911 1132 sine
1944 1082 2049 1132 ulla
2082 1080 2333 1132 librorum
2356 1095 2480 1132 aue-

1414 1156 1648 1215 ton-itate.
1664 1156 1914 1207 audacter
1927 1163 2257 1222 reeeperunt.
2289 1158 2478 1209 Car-rio.

1475 1233 1823 1298 Dymdinnu]
1858 1233 2031 1304 Aliter
2059 1234 2378 1298 Epidamnus
2398 1234 2476 1284 di-

1412 1311 1568 1375 citur,
1591 1310 1878 1377 Thucydidi
1896 1311 2175 1363 Dalmatioe
2193 1317 2285 1361 aut
2304 1310 2479 1361 Mace·

1411 1387 1583 1439 douiae
1605 1388 1841 1449 colonia3
1883 1396 1940 1440 et
1979 1386 2229 1453 oppidum
2260 1393 2478 1451 propter

1409 1464 1789 1531 inauspicatum
1810 1479 1997 1516 nomeu
2019 1480 2052 1514 a
2074 1461 2317 1514 Romanis
2337 1463 2475 1527 Dyr-

1411 1541 1643 1592 racluum
1683 1542 2001 1607 appellatum
2038 1539 2217 1606 fuisse,
2258 1540 2475 1590 tradunt

1411 1616 1610 1679 Livius,
1660 1619 1874 1684 Strabo,
1927 1618 2144 1680 Plinius,
2197 1625 2256 1669 et
2310 1618 2472 1668 Mela.

1411 1693 1616 1747 Quibus
1652 1696 1935 1746 assentitur
1964 1709 2169 1760 quoque
2209 1694 2353 1745 Dion
2371 1692 2468 1746 lib.

1410 1782 1521 1821 m.
1560 1770 1636 1821 ita
1681 1777 1851 1822 tamen
1893 1778 1952 1821 ut
1990 1769 2317 1832 subdubitet,
2349 1783 2473 1820 uum

1411 1848 1516 1898 duo
1549 1848 1757 1900 diversa
1795 1847 1901 1898 siut
1934 1848 2143 1913 oppida.
2195 1845 2469 1912 Appianus

1407 1932 1583 1978 autem
1603 1940 1666 1978 ιι.
1690 1927 1840 1978 civil.
1877 1926 1977 1976 hoc
2013 1926 2169 1991 plane
2209 1923 2469 1985 adfirmat,

1408 2003 1483 2053 ait
1504 2003 1644 2053 euim
1664 2003 2010 2069 Epidamnum
2040 2003 2267 2067 paullum
2301 2015 2469 2052 remo·-

1408 2085 1520 2130 tum
1554 2095 1587 2130 a
1618 2080 1748 2130 mari
1785 2079 2129 2144 Dyrrachium
2152 2092 2276 2128 vero
2300 2089 2469 2144 prope

1405 2155 1574 2222 ipsum
1596 2170 1737 2206 mare
1756 2155 1838 2223 (in
1863 2155 2153 2220 peninsula,
2174 2159 2311 2204 teste
2330 2154 2471 2204 Stra·-

1405 2231 1603 2299 boue);
1626 2233 2005 2299 Epidamuique
2026 2232 2207 2283 navale
2240 2245 2358 2282 esse
2391 2231 2469 2281 di·

1406 2309 1501 2361 cit.
1553 2308 1821 2376 Additque
1841 2309 1939 2361 hoe
1960 2308 2093 2360 salso
2111 2324 2144 2359 a
2162 2307 2466 2375 quibusdam

1407 2384 1754 2450 Epidamnum
1770 2385 1992 2437 dictumz
2011 2384 2469 2449 posteatameuaic

1405 2461 1727 2514 nominatum
1779 2477 1813 2512 a
1854 2462 2278 2531 corcyrensibus,
2327 2461 2469 2529 quod

1405 2539 1687 2603 Dyrrachii
1708 2553 1896 2590 nomeu
1930 2539 2211 2590 ominosum
2241 2536 2470 2589 habeba-

1406 2622 1513 2681 tur,
1550 2624 1815 2669 vetustam
1852 2625 2028 2669 autem
2062 2617 2469 2683 appellationem

1406 2696 1610 2760 vicisse,
1633 2703 1690 2747 et
1712 2696 1991 2761 Dyrrachii
2010 2709 2199 2746 nomeu
2235 2707 2468 2745 manere.

1405 2774 1692 2839 Discrepat
1725 2789 1757 2825 a
1788 2775 1978 2825 ceteris
2013 2772 2247 2824 omuibus
2267 2771 2468 2837 Appia·

1404 2866 1521 2916 uus,
1558 2852 1647 2902 hic
1682 2865 1907 2917 namque
1946 2850 2227 2915 Dyrrachii
2277 2861 2464 2900 nomeu

1405 2927 1709 3015 ominosum,
1729 2927 1895 2978 ceteri
1927 2924 2202 2991 Epidamni
2228 2924 2464 2986 faeiuut3

1405 3003 1512 3053 Hic
1533 3003 1749 3054 nominis
1771 3002 2106 3053 mutationem
2135 3002 2467 3066 Corcyrensi·

1406 3078 1522 3142 bus,
1554 3079 1642 3130 alii
1680 3079 1924 3130 Romanis
1966 3078 2220 3129 tribuunt.
2286 3076 2464 3129 Hodie

1400 3163 1552 3206 vetus
1573 3170 1760 3208 nomen
1790 3155 2028 3207 obtinere
2061 3155 2285 3206 videtur.
2312 3191 2317 3200 .
2350 3156 2465 3206 Du-

1397 3247 1547 3282 ruszo
1588 3233 1727 3282 enim
1770 3232 1895 3282 urbs
1953 3233 2173 3283 interior
2215 3238 2271 3283 et
2313 3232 2463 3283 cabo

1401 3309 1643 3360 Durazsa
1680 3308 1938 3360 maritima
1974 3308 2267 3359 nominatur
2297 3309 2355 3357 ln
2382 3314 2465 3358 ta-

1400 3388 1537 3438 bulis
1610 3385 1984 3451 Geographicis
2068 3385 2466 3437 recentioribus.

1400 3467 1590 3518 Dresia
1610 3465 1741 3532 legit
1760 3465 1958 3516 Marius
1983 3465 2167 3531 Niger.
2234 3467 2390 3516 Ουτοι.

1465 3546 1563 3595 ιιιο
1600 3542 1857 3609 mecm,
1892 3543 2037 3605 vion,
2077 3542 2185 3607 em]

1401 3623 1788 3687 Fragmentum,
1834 3620 2140 3684 contagione
2187 3620 2348 3670 credo
2387 3620 2465 3670 rei

1403 3712 1557 3765 quam
1590 3704 1788 3760 narrat,
1824 3696 2114 3762 periculum
2151 3696 2465 3747 vastationis

1400 3777 1491 3826 vix
1533 3774 1735 3840 effugit,
1777 3789 1879 3824 uon
1911 3772 2123 3839 quidem
2169 3787 2202 3821 a
2239 3772 2462 3823 Volcani

1400 3852 1664 3917 violentia,
1684 3851 1780 3902 sed
1817 3850 2137 3901 librariorum
2174 3850 2461 3913 ignorantia

1400 3930 1681 3983 conflatum
1750 3928 1976 3993 syllabas
2031 3925 2460 3978 abbreviantium.

1401 4009 1523 4063 Quo
1544 4006 1610 4056 de
1632 4018 1824 4070 genere
1855 4018 1966 4054 sum
1993 4009 2202 4067 questus
2221 4002 2334 4067 jam
2370 4016 2461 4052 au-

1400 4090 1507 4146 tea,
1531 4096 1747 4148 quorum
1768 4078 2017 4130 comitate
2050 4075 2294 4127 effectum
2316 4077 2458 4130 vide.

1397 4168 1501 4225 tur,
1524 4167 1585 4210 ut
1620 4166 1731 4209 tres
1769 4156 2020 4207 dictiones
2060 4155 2116 4204 iu
2154 4170 2305 4206 uuam
2337 4171 2461 4208 eon·

1395 4236 1688 4289 creverintz
1722 4232 1861 4299 quod
1881 4232 2210 4296 conjectores
2242 4231 2329 4282 isti
2349 4232 2458 4283 Sal.

1393 4312 1606 4368 institui
1620 4324 1727 4365 nou
1748 4309 2100 4377 advertentes,
2117 4307 2318 4376 sibique
2339 4323 2457 4361 cum
