2984 4892
550 349 685 420 m

552 509 750 562 docent
787 507 950 573 Dion,
990 506 1189 571 Acron,
1230 513 1287 557 et
1329 507 1514 559 Cicero
1556 505 1611 556 iu

550 586 809 651 oratione,
832 602 934 652 qua
952 585 1198 637 Sallustio
1221 584 1531 651 respondet:
1566 585 1613 635 si

554 663 819 714 Ciceronis
841 677 903 712 ea
923 669 1006 712 est
1025 662 1211 725 oratio,
1232 661 1368 727 quod
1390 662 1477 712 vix
1501 677 1612 712 cre-

555 740 644 790 do.
706 740 920 803 Postea,
942 754 1007 790 ne
1030 740 1096 790 de
1120 740 1349 805 pecuniis
1371 745 1611 804 repetun-

554 816 634 867 dis
668 831 876 867 causam
908 817 1125 880 diceret,
1163 817 1234 866 H.
1258 831 1297 868 s.
1333 816 1611 867 duodecIes

554 909 672 945 cum
695 895 901 944 Caesare
923 900 1107 958 pactus
1129 901 1239 944 est:
1275 898 1333 943 ut
1354 893 1407 942 in
1429 892 1612 943 eadem

550 969 1045 1035 oratiouelegimus.
1098 969 1269 1021 cauit.
1351 966 1612 1034 Antiquus

553 1061 757 1112 qnoque
796 1047 1054 1113 interpres
1090 1048 1205 1097 haec
1240 1046 1305 1096 de
1328 1061 1391 1095 eo
1414 1044 1610 1096 refert:

549 1121 567 1152 ‘
587 1123 778 1175 Fertur
796 1125 1071 1176 Sallustius
1104 1131 1250 1173 tauto
1271 1122 1458 1172 ardore
1479 1121 1614 1171 insa·

548 1199 743 1250 nivisse
777 1202 829 1250 iu
862 1200 1150 1263 libertinas,
1171 1205 1363 1264 quanto
1385 1198 1613 1248 moecbus

550 1276 607 1327 in
630 1284 901 1327 matronas.
950 1276 1101 1329 Quod
1122 1291 1238 1326 cum
1263 1276 1336 1325 illi
1356 1277 1407 1325 in
1427 1283 1613 1326 senatu

553 1370 586 1405 a
608 1354 906 1405 censoribus
928 1333 1193 1418 obiectum
1223 1361 1381 1415 esset,
1406 1369 1614 1419 respon-

550 1428 652 1494 ·dit,
668 1444 724 1479 se
746 1445 847 1480 uon
870 1436 1215 1480 matronarum
1234 1431 1325 1481 sed
1348 1430 1615 1481 libertina-

548 1518 669 1555 rum
705 1513 1014 1556 sectatorem
1054 1520 1184 1557 esse.
1251 1509 1424 1559 Quare
1446 1522 1512 1555 ex
1536 1523 1614 1556 se-

550 1587 676 1631 natu
700 1581 901 1645 ejectus
940 1589 1038 1647 est,
1071 1584 1207 1649 quod
1243 1582 1356 1648 ipse
1396 1589 1613 1633 excusat

545 1656 604 1709 in
629 1658 862 1709 Catilium
887 1660 1056 1711 bello.'

612 1733 661 1785 A
703 1736 866 1800 repub.
904 1739 1069 1801 procul
1111 1738 1368 1788 habendum
1408 1738 1613 1803 decrevi]

550 1811 634 1863 Sic
677 1812 884 1878 quidem
925 1814 979 1862 in
1021 1815 1266 1878 Jugurth.
1311 1813 1454 1864 ‘Ubi
1492 1814 1614 1864 ado·

548 1887 849 1939 lescentiam
889 1890 1135 1953 habuere,
1174 1891 1245 1940 ibi
1289 1897 1612 1941 senectutem

548 1968 740 2032 agant!
806 1968 938 2018 Cato
958 1974 1148 2030 tamen,
1168 1983 1316 2034 quem
1338 1969 1612 2032 plurimum

544 2044 780 2109 sequitur
809 2044 1018 2094 Sallust.
1050 2045 1067 2073 ‘
1087 2057 1184 2107 ego
1208 2044 1320 2107 jam
1356 2058 1388 2093 a
1425 2044 1613 2107 princi·

440 2156 444 2162 .
547 2120 638 2184 pio
684 2119 734 2168 in
775 2120 1086 2183 parsimonia
1123 2126 1279 2185 atque
1313 2120 1366 2168 in
1406 2120 1611 2182 duritia,

544 2200 703 2259 atque
728 2195 979 2245 industria
993 2210 1192 2246 omnem
1209 2195 1611 2247 adolescentiam

546 2285 718 2322 meam
739 2272 965 2323 abstinui
986 2273 1017 2323 :’
1071 2280 1144 2338 et,
1190 2273 1206 2301 4
1228 2288 1375 2323 secus
1398 2279 1610 2324 aetatem

540 2353 775 2413 agerem,
798 2364 951 2415 quam
973 2349 1049 2400 illi
1071 2349 1334 2415 egissent!
1400 2350 1505 2400 Hic
1537 2359 1614 2401 ta·

542 2438 666 2473 men
688 2425 964 2487 legendum
986 2426 1164 2489 credo,
1196 2443 1228 2475 u
1264 2425 1427 2491 repub.
1447 2428 1613 2490 procul

547 2503 778 2563 agendum
796 2502 982 2552 decrevi
996 2519 1012 2551 .·
1045 2510 1106 2552 ut
1125 2503 1369 2568 Jugurtb.
1393 2503 1409 2531 4
1432 2502 1611 2567 Atque

548 2591 644 2640 ego
666 2577 823 2628 credo
844 2577 973 2642 fore,
995 2578 1101 2644 qui,
1123 2580 1245 2643 quia
1265 2578 1469 2629 decrevi
1491 2595 1610 2643 pro-

496 2657 503 2662 '
547 2655 679 2705 cula
699 2655 884 2719 repub.
905 2662 1113 2706 oetatem
1131 2670 1287 2721 agere
1301 2655 1334 2718 ς’
1370 2662 1429 2706 ut
1451 2656 1610 2707 etiam

547 2731 703 2796 paulo
723 2730 874 2781 iufra.
941 2731 1096 2782 Ciacc.
1122 2733 1197 2783 sic
1222 2739 1279 2782 et
1305 2733 1469 2783 Ursis.

612 2806 869 2858 Ser-vilibus
887 2808 1075 2875 officiis]
1099 2808 1231 2859 Ideo
1254 2825 1284 2860 a
1306 2810 1609 2873 Symmacho

540 2881 638 2932 lib.
663 2896 714 2933 v.
734 2884 890 2947 epist.
906 2887 987 2933 16.
1010 2891 1117 2934 tam
1138 2884 1384 2935 atrociter
1404 2881 1508 2934 fuit
1529 2900 1609 2935 re-

544 2959 826 3022 prehensus
845 2959 1133 3012 Sallustius.
1198 2961 1302 3011 Sed
1334 2961 1607 3013 immerito.

425 3030 438 3046 ⁰
545 3035 791 3086 Quamvis
812 3036 949 3086 enim
973 3044 1027 3086 et
1055 3036 1423 3101 agriculturam
1445 3044 1500 3087 et
1524 3053 1608 3086 ve·

544 3111 807 3160 nationem
841 3113 1203 3163 honestissima
1245 3112 1404 3163 fuisse
1438 3111 1608 3163 officia

546 3186 686 3249 apud
727 3187 980 3237 Romanos
1014 3195 1240 3249 constet,
1281 3189 1402 3254 quid
1434 3195 1608 3240 tamen

534 3274 716 3311 ‘oausoe
738 3268 838 3324 est,
860 3278 953 3313 cur
988 3278 1088 3314 non
1126 3265 1369 3315 Sallustio
1402 3267 1608 3317 servilia

546 3338 647 3390 dici
682 3348 998 3405 mereantur,
1021 3357 1137 3391 cum
1161 3350 1298 3393 totus
1335 3344 1500 3394 adhuc
1539 3346 1609 3395 sit

544 3417 597 3466 in
620 3416 979 3468 dissertatione
1016 3419 1331 3481 praestantiae
1363 3420 1521 3470 animi
1553 3428 1608 3471 et

534 3493 747 3543 'vilitate
770 3495 1032 3559 corporis?
1081 3496 1394 3547 Venationes
1434 3501 1607 3548 autem

531 3572 600 3618 ’et
619 3569 935 3631 agricultura
969 3584 1137 3619 nonne
1159 3571 1390 3636 corporis
1414 3573 1608 3624 auxilio

532 3645 831 3710 parantur?
865 3646 1078 3694 Possem
1102 3651 1157 3696 et
1179 3647 1452 3698 ostendere
1474 3648 1607 3700 banc

543 3718 840 3784 opinionem
864 3721 1106 3772 Sallustio
1132 3736 1452 3774 communem
1488 3742 1608 3777 cum

530 3805 649 3844 ‘nou
703 3794 1012 3859 ignobilibus
1061 3797 1383 3863 Philosophis
1427 3798 1605 3852 fuisse.

542 3870 788 3936 Denique
812 3872 945 3922 istud
981 3880 1183 3937 tempus
1216 3876 1443 3926 Sallustii
1480 3878 1605 3927 mibi

530 3947 832 4012 considera,
871 3964 972 4016 quo
1016 3952 1317 4002 venationes
1360 3967 1462 4002 non
1499 3960 1605 4003 tam

1251 361 1468 413 1⁴01·AE
1490 361 1913 413 'VARIORUH
1962 363 2042 413 m

1751 507 1851 558 Sed
1878 523 1909 558 a
1930 524 2019 573 qus
2039 509 2221 575 ἰκοφίο
2248 509 2491 575 studioque
2510 523 2584 559 m
2604 507 2755 558 aubi·

1686 581 1779 646 tio]
1846 583 1930 633 Ita
1968 582 2080 634 fere
2121 585 2242 635 libri
2285 586 2592 637 electiores:
2638 599 2758 635 nam

1689 659 1965 723 posteriori
1984 673 2097 711 aevo
2118 662 2346 725 scriptis,
2363 662 2549 712 omissa
2571 667 2654 711 est
2674 674 2760 710 co-

1687 738 1811 801 pula
1847 753 1962 801 que.-
2019 746 2077 788 ut
2123 739 2236 805 quis
2280 738 2522 788 dubitare
2563 745 2758 803 posset,

1686 818 1957 879 utramque
2005 829 2205 880 vocem,
2252 817 2437 881 incepto
2486 816 2752 880 studioque,

1686 899 2027 942 commentum
2052 908 2166 943 esse
2189 895 2433 958 glossarii.
2469 894 2729 943 Gruterus.

1749 968 1962 1018 Ambitio
1982 970 2108 1020 mala
2130 969 2420 1034 detinuerat]
2441 969 2570 1019 Plus
2595 969 2649 1019 id
2675 972 2770 1020 est·

1686 1058 1841 1109 quam
1865 1045 1908 1095 si
1928 1053 2225 1097 revocaverat
2247 1046 2498 1097 dixisset:
2532 1047 2608 1096 sic
2633 1047 2756 1110 Jug.

1684 1118 1701 1146 4
1724 1120 1911 1185 quibus
1950 1137 1982 1172 a
2014 1124 2148 1174 malo
2185 1123 2392 1189 publico
2414 1121 2754 1174 detineatur?

1690 1197 1908 1248 Cice-con.

1752 1274 1914 1325 &atui
1934 1291 2010 1327 res
2025 1282 2188 1339 gestas
2204 1278 2366 1341 popuii
2387 1277 2528 1326 Rom.
2551 1276 2756 1340 uus-ptis·

1681 1351 1996 1416 perscribere]
2029 1353 2093 1403 In
2115 1353 2277 1412 libris,
2304 1368 2429 1418 quos
2455 1353 2657 1403 Nonius
2681 1368 2759 1402 se·

1687 1435 1837 1479 cutus
1860 1436 1960 1494 est,
1982 1430 2132 1481 video
2154 1432 2405 1495 scriptum
2428 1429 2583 1480 fuisse
2601 1429 2757 1478 Stric-

1686 1505 1790 1568 tim,
1812 1519 1914 1554 non
1947 1506 2195 1570 Cumim:
2242 1508 2432 1557 recitat
2454 1508 2591 1557 enim
2612 1508 2756 1557 hunc

1685 1581 1855 1630 locum
1878 1581 1931 1630 in
1955 1583 2113 1632 verbo
2137 1582 2361 1632 Strictim
2385 1582 2677 1632 Manutius.

1749 1657 1796 1707 A
1831 1673 1933 1722 spe,
1966 1663 2112 1722 mnu,
2140 1660 2364 1723 partibus
2398 1661 2538 1726 Reip.
2573 1660 2760 1710 unimus

1686 1731 1804 1782 liber
1823 1732 1950 1796 erat]
1982 1734 2053 1783 Et
2074 1733 2196 1783 binc
2220 1734 2384 1785 dictio
2407 1734 2593 1784 ultima
2615 1735 2757 1785 salvo

1687 1824 1840 1859 sensu
1862 1809 2198 1859 exterminari
2223 1816 2450 1874 poterat.
2497 1812 2754 1861 Gruterus.

1754 1885 1911 1941 Quam
1929 1885 2168 1935 verissime
2183 1887 2372 1950 potero]
2419 1886 2617 1936 Fabius
2639 1888 2758 1938 Vic-

1685 1962 1888 2011 torinus
1923 1962 1979 2011 iu
2013 1961 2107 2011 lib.
2148 1976 2187 2013 1.
2226 1963 2398 2013 Cicer.
2437 1963 2504 2012 de
2545 1962 2754 2014 Inveut.

1686 2037 1905 2090 Rbetor.
1944 2040 2094 2104 legit,-
2133 2055 2274 2105 «μακε
2295 2040 2585 2094 brevissime.
2655 2041 2757 2094 Sed

1684 2115 1819 2165 bunc
1842 2116 2012 2166 locum
2037 2123 2092 2166 et
2115 2131 2233 2166 eum
2266 2117 2353 2182 qui
2392 2131 2515 2182 pag.
2538 2132 2655 2184 seq.
2676 2123 2758 2172 50.

1685 2191 1898 2256 legitur,
1931 2192 1947 2220 4
1970 2206 2127 2258 supra
2163 2200 2427 2257 repetere,
2465 2208 2528 2244 ac
2571 2197 2755 2260 paucis

1685 2268 1925 2318 instituta
1946 2268 2233 2333 majorum,’
2269 2270 2343 2319 sic
2377 2276 2459 2320 est
2482 2273 2757 2323 aemulatus

1684 2343 1900 2395 Tacitus
1925 2344 2067 2395 Hist.
2092 2359 2170 2395 nv.
2202 2346 2217 2373 4
2241 2346 2322 2395 Ea
2339 2345 2404 2396 de
2425 2347 2580 2396 caede
2604 2363 2755 2414 qnam

1686 2421 1953 2471 verissime
1990 2422 2283 2487 expediam,
2313 2421 2357 2472 si
2395 2435 2570 2487 pauca
2605 2438 2756 2489 supra

1685 2497 1960 2563 petivere!
2024 2497 2325 2549 Videndum
2361 2513 2493 2563 ergo
2532 2513 2602 2549 an
2639 2515 2758 2564 nou,

1679 2579 1862 2639 potem,
1885 2574 2133 2624 abundet.
2170 2574 2389 2624 Ciuccon.
2414 2574 2490 2625 sic
2508 2583 2568 2626 et
2597 2577 2757 2629 Ursis.

1751 2652 1881 2700 Nam
1913 2651 1966 2699 id
1988 2649 2185 2711 fucinus
2203 2651 2253 2700 in
2287 2651 2460 2715 prim
2479 2667 2571 2715 ego
2590 2669 2756 2703 mmo·

1682 2725 1833 2775 robiis
1853 2725 2095 2789 existimo]
2144 2724 2370 2791 Accepit
2389 2727 2528 2779 hanc
2550 2734 2756 2780 senten·

1685 2804 1831 2869 tiam,
1864 2811 1924 2854 ut
1956 2803 2181 2870 videtur,
2220 2821 2251 2854 a
2273 2805 2620 2870 Thucydide:
2671 2806 2753 2872 qui

1683 2880 1718 2933 l.
1745 2895 1784 2931 1.
1809 2881 1916 2931 ait:
1969 2881 2168 2932 ἐλπίσας
2195 2879 2351 2943 μέγαν
2371 2900 2427 2932 τε
2450 2881 2648 2934 ἔσεσθαι
2679 2882 2754 2933 καὶ

1682 2960 2059 3024 ἀξιολογώτατον
2079 2965 2173 3012 τῶν
2192 2964 2633 3030 προγεγενημέων,
2654 2984 2755 3016 τει-

1679 3037 1970 3103 μιιιρόμενος,
1993 3042 2093 3090 &c.
2160 3040 2267 3089 Ubi
2301 3040 2515 3091 verbum
2557 3043 2753 3092 ἐλπίσας

1681 3115 1913 3178 positum
1935 3121 2016 3164 est
2050 3115 2237 3165 Graeca
2259 3117 2641 3168 consuetudine
2662 3133 2750 3183 pro

1682 3188 1892 3253 νομίσας,
1930 3197 1986 3240 et
2022 3197 2083 3241 ut
2120 3192 2391 3242 Sallustius
2427 3195 2548 3258 ipse
2571 3198 2749 3258 vertit,

1676 3266 1977 3317 existimans.
2043 3267 2281 3318 Ursinus.

1746 3343 1808 3392 Id
1828 3342 2024 3403 fucinus
2051 3344 2104 3393 ia
2137 3344 2304 3409 prinus
2337 3359 2424 3407 ego
2456 3346 2748 3397 memorab&

1673 3419 1924 3483 existumo]
1971 3421 2199 3485 Fortius,
2222 3434 2339 3470 mea
2359 3424 2646 3486 sententia,
2681 3424 2760 3472 lo·-

1680 3501 1869 3562 quutus
1894 3495 2093 3559 fuisset,
2115 3498 2299 3546 omisso
2321 3499 2633 3564 pronomine
2654 3514 2748 3564 egr,

1681 3580 1737 3622 et
1759 3573 1920 3623 verbo
1942 3574 2178 3627 existimo.
2245 3575 2527 3627 Gruterus.

1745 3649 1824 3698 De
1856 3648 1986 3709 cnjus
2016 3651 2220 3700 moribus
2247 3667 2402 3716 pauca
2430 3653 2577 3716 prius
2598 3655 2746 3719 capla-

1677 3727 1835 3776 κακὼ
1853 3727 1987 3791 sunt]
2036 3727 2355 3791 Legendum,
2377 3731 2438 3779 de
2459 3730 2596 3791 cujus
2611 3729 2745 3781 liesd-

1677 3802 1755 3851 nis
1777 3802 1999 3852 moribus.
2068 3803 2264 3856 Rivius.

1745 3879 1892 3928 Prius
1913 3893 2055 3942 quam
2073 3882 2302 3930 narrandi
2323 3881 2519 3934 initium
2545 3882 2742 3946 facian]

1677 3951 1971 4003 Verisimile
2012 3962 2095 4004 est
2130 3955 2434 4007 Sallustium
2479 3960 2740 4024 scr-ipsine

542 4025 799 4089 voluptati
834 4033 983 4076 eraut
1018 4027 1318 4078 lautioribus
1356 4037 1411 4078 et
1447 4029 1605 4094 patri·
1666 4026 1823 4091 savio,
1859 4035 1919 4078 ut
1956 4029 2198 4094 Jugurtb.
2232 4032 2249 4059 ‘
2270 4031 2375 4081 Sed
2412 4034 2559 4098 prius
2599 4048 2738 4099 quam

543 4099 657 4162 ciis,
680 4116 830 4167 quam
855 4102 1017 4153 servis
1041 4104 1203 4152 oneri.
1269 4106 1340 4153 Et
1363 4105 1489 4170 quid
1511 4106 1604 4154 mi·

543 4188 655 4224 rum
676 4176 815 4230 iuter
838 4183 917 4228 tot
939 4178 1092 4240 bella,
1125 4185 1208 4230 tot
1237 4180 1487 4233 honorum
1521 4197 1604 4233 ur-

544 4248 791 4304 banorum
812 4255 1128 4308 certamina?
1187 4257 1341 4309 Celer.

1677 4104 1966 4168 hujusmodi
1990 4107 2064 4155 rei
2086 4107 2290 4158 initium
2312 4109 2566 4173 expedio,
2585 4124 2737 4175 pauca

1675 4198 1835 4248 supra
1857 4190 2088 4248 repetam
2111 4185 2144 4235 ε’
2192 4192 2249 4235 et
2271 4187 2457 4240 Cicero
2475 4187 2533 4238 in
2553 4188 2735 4239 somnio

1671 4261 1948 4330 Scipionis,
1992 4263 2009 4292 ‘
2035 4262 2228 4314 Grates
2267 4261 2364 4316 tibi
2405 4279 2508 4331 ago
2550 4276 2731 4318 sume
