2984 4892
510 375 647 450 m
1214 389 1291 443 c.
1324 391 1569 444 censer
1617 367 2020 446 sanctim-11

510 537 850 627 pendium,
892 536 1161 616 milites,
1214 557 1423 617 arma,
1467 539 1866 608 frumentum
1910 542 2240 624 poscunt;
2280 544 2349 607 et
2375 538 2448 610 id
2472 559 2580 609 res
2605 559 2722 610 co-

513 644 652 727 git3
694 640 1008 726 quoniam
1057 638 1431 706 desectione
1480 642 1815 706 sociorum
1864 647 1934 708 et
1981 641 2258 708 Sertorii
2305 662 2423 726 per
2461 648 2722 708 montes

510 747 670 830 fuga
716 763 931 828 neque
984 763 1185 812 manu
1249 749 1500 812 certare
1556 749 1868 827 possunt,
1932 764 2148 831 neque
2204 746 2402 826 utilia
2454 765 2734 832 patarei

511 848 865 914 Exercitus
908 846 979 911 iu
1028 844 1200 911 Asia
1244 845 1624 931 Ciliciaque
1673 849 1761 912 ob
1809 847 2055 914 nimias
2092 868 2260 932 opes
2307 847 2724 916 Mithridatis

513 953 815 1019 aluntur:
863 947 1269 1014 Macedonia
1314 949 1518 1034 plena
1561 948 1846 1016 hostium
1891 956 2032 1017 est.
2075 970 2202 1016 nec
2228 953 2449 1018 miuus
2496 950 2720 1018 Italian

507 1055 858 1130 maritima,
905 1057 975 1117 et
1015 1051 1550 1136 provinciarum:
1599 1070 1752 1116 cum
1801 1051 2054 1117 interim
2086 1052 2440 1137 vectigalia
2484 1072 2722 1137 parva,

424 1205 427 1208 -
509 1164 576 1224 et
598 1157 815 1223 bellis⁸
840 1157 1108 1233 incerta,
1136 1154 1260 1218 vix
1285 1159 1539 1237 partem
1564 1159 1900 1220 sumtuum
1929 1155 2299 1221 sustinent.
2344 1155 2444 1221 ita
2470 1156 2720 1234 classe,
2787 1147 2794 1158 '

510 1278 670 1344 quae
701 1263 1108 1324 commeatus
1158 1257 1489 1335 tuebatur,
1543 1258 1792 1322 minore
1838 1277 2037 1341 quam
2084 1264 2238 1323 ante
2282 1258 2727 1340 navigamus:¹

511 1359 710 1428 Haec‘
739 1362 799 1425 si
828 1358 986 1424 dolo
1013 1364 1129 1424 aut
1156 1357 1462 1424 secordia
1511 1349 1740 1424 nostra
1768 1363 2111 1426 contracta
2137 1367 2311 1440 sunt,
2355 1361 2453 1425 uti
2497 1366 2723 1428 monet
2827 1423 2836 1428 .

508 1465 634 1542 ira,
662 1462 1067 1548 supplicium
1095 1462 1375 1556 sumitez
1426 1462 1536 1528 sin
1559 1463 1932 1530 communis
1960 1462 2226 1528 fortuna
2251 1463 2720 1547 asperiorest3

510 1586 717 1653 quare
765 1564 1032 1648 indigna
1074 1564 1294 1644 vobis,
1345 1565 1702 1650 nobisque,
1755 1570 1823 1630 et
1865 1585 2004 1650 rep.
2055 1566 2397 1650 incipitis?
2488 1562 2721 1650 Atque

507 1690 661 1755 ego,
689 1669 883 1754 cujus
914 1667 1103 1733 aetati
1130 1687 1310 1733 mors
1335 1670 1608 1753 propior
1648 1674 1771 1747 est,
1799 1689 1936 1734 non
1973 1669 2308 1754 deprecor,
2338 1670 2397 1732 si
2426 1666 2596 1752 quid
2634 1678 2725 1732 ea

506 1773 701 1839 vobis
746 1769 1148 1838 incommodi
1177 1768 1497 1851 demitur3
1539 1789 1747 1855 neque
1772 1791 1932 1837 mox
1959 1771 2251 1854 ingenui*
2277 1768 2581 1854 corporis
2602 1770 2724 1834 ho-
2795 1851 2802 1857 ι

506 1877 782 1955 nestius,
804 1895 1006 1960 quam
1035 1894 1159 1957 pro
1179 1879 1405 1939 vestra
1432 1873 1672 1953 salute,
1701 1874 1893 1940 finem
1916 1874 2075 1956 yitae
2096 1874 2387 1940 fecerim.
2452 1870 2721 1940 Adsum

505 1999 593 2045 en
620 1978 701 2044 C.
729 1977 928 2044 Cotta
953 1976 1209 2054 consul,
1238 1975 1444 2056 facio,
1489 1975 1670 2062 quod
1699 1997 1886 2062 saepe
1912 1976 2208 2062 majores
2236 1977 2495 2062 asperis
2525 1975 2722 2042 bellis

505 2082 721 2148 fecere
741 2102 760 2162 ;
780 2091 784 2096 ’
805 2097 1046 2157 voveo,
1095 2077 1395 2163 dedoque
1422 2098 1530 2146 me
1559 2098 1683 2163 pro
1712 2099 1851 2172 rep-
1898 2099 2099 2163 quam
2129 2077 2363 2143 deinde
2391 2079 2504 2144 cui
2531 2095 2724 2144 man-

506 2185 678 2252 detis
727 2180 1238 2265 circumspicite.
1282 2217 1291 2224 ·
1348 2180 1532 2246 Nam
1578 2181 1808 2268 talem?
1879 2182 2192 2247 honorem
2259 2182 2473 2247 bonus
2521 2201 2722 2252 nemo

505 2288 711 2365 volet,
742 2303 899 2350 cum
923 2283 1223 2362 fortunae,
1251 2288 1320 2348 et
1346 2284 1571 2363 maris,
1602 2289 1671 2350 et
1694 2285 1854 2350 belli
1883 2285 1971 2350 ab
1999 2285 2153 2349 aliis
2179 2285 2341 2363 acti,
2370 2285 2537 2350 ratio
2567 2284 2721 2350 red-

506 2389 744 2466 denda,
774 2393 891 2453 aut
918 2386 1193 2469 turpiter
1219 2387 1634 2452 moriendum
1659 2388 1771 2454 sit.
1858 2385 2350 2453 Tantummodo
2374 2387 2443 2451 in
2468 2388 2721 2460 animis

503 2491 836 2568 habetote,
864 2508 999 2554 non
1026 2509 1133 2556 me
1163 2491 1250 2554 ob
1281 2490 1525 2574 scelus,
1576 2494 1694 2555 aut
1722 2489 2074 2554 avaritiam
2122 2507 2398 2564 caesum,
2448 2488 2571 2553 sed
2597 2508 2723 2554 vo·

503 2594 741 2661 lentem
786 2611 910 2676 pro
956 2590 1270 2655 maximis
1314 2590 1654 2656 beneficiis
1682 2593 1970 2656 animam
2001 2591 2181 2660 dono
2211 2590 2496 2656 dedisse.
2555 2591 2722 2662 *Per
2787 2675 2793 2680 θ

502 2715 652 2775 voS,
691 2693 1011 2773 Quirites»,
1043 2698 1109 2762 et
1137 2693 1415 2777 gloriam
1440 2692 1789 2778 majorum,
1830 2693 2103 2758 tolerate
2132 2692 2435 2769 adversa,
2463 2697 2532 2757 et
2559 2711 2722 2757 con-

504 2781 702 2864 sulite
730 2797 896 2884 reip.
957 2795 1176 2862 Multa
1201 2817 1360 2862 cura
1386 2817 1646 2862 summo
1676 2796 1952 2882 imperio
1980 2797 2177 2875 inest,
2196 2795 2388 2860 multi
2415 2795 2722 2878 ingentes

501 2901 805 2970 labores:
871 2918 1044 2983 quos
1088 2899 1535 2984 nequicquam
1593 2895 1908 2979 abnuitis,
1933 2905 2025 2965 -et
2067 2899 2260 2984 pacis
2307 2895 2719 2984 opulentiam

565 3112 593 3147 ⁴
627 3114 707 3164 Itu
725 3116 1003 3178 navigem
1020 3118 1163 3166 clane
1181 3116 1361 3166 adnm
1380 3130 1522 3181 quum
1542 3130 1614 3180 eu,
1633 3131 1726 3179 quur
1746 3119 2028 3188 commeatus
2046 3111 2299 3164 vehebatur
2318 3115 2480 3161 antea.

1506 3309 1719 3362 NOTAE

501 3435 741 3501 Pompeii
774 3437 1078 3504 epistolam
1112 3454 1334 3505 quocum
1374 3441 1564 3491 Metel·
1644 3441 1776 3490 deo:
1831 3439 1930 3491 nisi
1967 3438 2105 3491 forte
2150 3440 2342 3490 Consul
2384 3447 2580 3504 noster,
2626 3438 2716 3505 qui

498 3514 601 3576 lus,
619 3513 868 3566 adversus
911 3516 1219 3578 Sertorium,
1264 3518 1565 3583 Imperator
1632 3516 1745 3582 jam
1780 3530 1938 3580 supra
1974 3516 2042 3583 de
2076 3514 2251 3566 inferis
2274 3516 2435 3566 verba
2475 3516 2718 3580 quaedam

494 3597 707 3640 creatus
726 3589 915 3643 fuerat.
1644 3592 1847 3658 injecit,
1900 3592 2264 3657 philosophice,
2317 3606 2435 3642 sese
2484 3594 2720 3646 noluerit

563 3668 805 3733 ⁰3euia]
860 3669 1056 3720 Piratae
1092 3670 1246 3735 enim,
1290 3670 1565 3721 Mithrida·
1644 3668 1808 3718 virum
1833 3668 2127 3732 ingenuum,
2161 3668 2255 3719 scd
2279 3684 2474 3734 corpus
2511 3677 2717 3730 tentum

499 3743 592 3796 tici
616 3744 739 3795 belli
759 3745 938 3796 oblata
958 3747 1249 3809 occasione,
1271 3748 1432 3802 maria
1454 3745 1566 3797 bel·¹
1645 3744 1799 3795 morti
1824 3744 2063 3795 tradere:
2097 3744 2234 3809 quod
2259 3737 2468 3810 quidem
2493 3747 2560 3800 ad
2601 3762 2717 3810 per-

497 3823 570 3885 lo,
614 3822 760 3886 quasi
802 3828 1113 3887 tempestate
1152 3825 1561 3887 proeelusemnt3
1645 3821 1964 3872 suadendum
1986 3828 2042 3871 et
2079 3821 2505 3872 commovendum
2530 3831 2716 3888 aptum

497 3899 585 3949 alii
609 3898 961 3962 rebellabant·
998 3899 1257 3949 Sertorius
1295 3899 1348 3948 in
1372 3897 1563 3964 Hispa·
1644 3911 1850 3962 quoque
1873 3895 2052 3948 fuerit.

496 3973 583 4024 nia
602 3975 766 4025 multa
789 3975 1176 4040 intercipiebat,
1199 3978 1299 4025 dcc.
1707 3976 1891 4026 ⁸Nam
1919 3976 2086 4040 talem]
2132 3977 2319 4028 Tacite
2339 3977 2529 4040 innuit,
2551 3992 2610 4027 se
2630 3975 2718 4036 adq

560 4052 576 4083 ⁸
612 4051 756 4115 Hoec]
793 4054 942 4102 Cam
964 4050 1251 4116 Respublica
1272 4051 1410 4101 nerii.
1640 4051 1742 4101 huc
1767 4051 1950 4104 utilem
1972 4050 2084 4102 fote
2109 4052 2452 4117 Reipublicae,
2473 4066 2576 4104 nec
2607 4061 2716 4103 tam

560 4127 845 4191 'IngenuiJ
888 4128 951 4178 In
975 4128 1088 4178 aliis
1111 4134 1209 4191 est,
1244 4127 1434 4189 ingenio
1460 4142 1561 4177 cor·
1643 4129 1798 4194 culpa
1839 4143 1932 4178 sua
1992 4129 2284 4180 exercitum
2323 4143 2357 4179 ι
2401 4126 2712 4182 Mithridate

489 4202 643 4265 poris,
687 4203 825 4268 quod
862 4218 964 4253 uon
1001 4204 1211 4268 placet3
1265 4217 1562 4268 quanquam
1641 4217 1836 4255 caesum
1858 4201 2038 4255 fuisse.

494 4275 626 4326 illud
659 4278 912 4343 quomodo
933 4278 1190 4346 explicem
1212 4294 1316 4332 nou
1337 4280 1467 4331 satis
1489 4279 1564 4330 vi
