2984 4892
859 383 1161 435 santam
1206 381 1549 434 unimu-
1633 382 1797 442 osu.
1836 367 1905 433 6.

278 530 595 595 ιιιίοιιειιᾳε
615 543 667 580 se
682 529 942 595 convertit]
961 529 1064 580 Hic
1085 531 1345 595 conjectu·

275 621 384 658 ram
405 621 576 658 meam
600 606 891 670 subjiciam,
913 605 1103 655 nullius
1128 606 1350 656 auctori·

276 691 385 734 tate
408 682 582 733 fideve
621 679 931 746 exemplaris
960 679 1142 732 fretus.
1208 680 1349 733 Quid

272 758 427 823 enim,
447 758 493 808 si
518 760 678 822 legas,
698 757 752 807 in
771 756 1039 822 superbiam
1069 757 1348 808 dominatio·

272 853 470 902 nenqioe
487 834 676 886 vertit?
711 834 967 902 quomodo
1002 841 1058 885 et
1091 835 1216 884 alias
1240 849 1352 885 ver-

276 913 348 965 bo
369 915 470 964 hoc
492 913 764 964 Sallustius
780 913 857 962 uti
877 913 1027 962 solet.
1061 912 1157 961 Est
1173 916 1349 961 antem

276 998 332 1040 et
354 989 473 1040 aliis
507 990 562 1038 in
598 988 727 1040 locis
761 988 907 1038 vertit
930 988 982 1036 in
1006 986 1236 1036 convertit
1259 991 1352 1035 aut

276 1064 575 1114 convertitur
617 1071 902 1115 mutatum:
959 1078 1079 1114 nam
1118 1062 1245 1112 illud
1282 1077 1350 1128 se,

282 1141 454 1192 codex
508 1140 955 1207 Merseburgensis
1009 1155 1112 1190 non
1170 1138 1349 1190 habet.

277 1215 382 1267 Sed
422 1224 480 1268 et
524 1219 756 1267 conver-tit
808 1217 1069 1268 interdum
1115 1216 1351 1266 absolute

284 1294 497 1358 ponitur
512 1293 653 1358 apud
669 1295 804 1345 hunc
828 1300 1117 1344 auctorem:
1142 1293 1196 1342 id
1213 1291 1352 1358 quod

282 1383 375 1420 suo
398 1370 512 1419 loco
528 1369 877 1419 ostendemus.
932 1367 1133 1419 Adhaec
1148 1366 1206 1417 τὸ
1221 1382 1353 1418 caus-

278 1460 354 1510 ει,
374 1460 479 1495 non
513 1445 706 1496 habent
736 1446 1093 1509 manuscripta
1115 1444 1351 1511 quaedam

284 1522 338 1572 iu
379 1530 651 1584 contextu,
697 1521 790 1572 sed
834 1521 887 1570 in
932 1521 1103 1586 spatio
1149 1527 1352 1572 tantum

281 1598 422 1664 quod
450 1614 620 1648 versus
637 1598 868 1648 dirimit:
904 1603 965 1648 ut
999 1598 1107 1648 tale
1143 1597 1351 1648 omnino

280 1676 367 1739 sit,
390 1676 541 1741 quale
567 1674 706 1740 apud
742 1675 955 1724 Terent.
989 1675 1044 1723 in
1084 1673 1352 1738 Adelphis,

280 1754 295 1779 ⁸
319 1752 403 1803 Ne
427 1752 483 1800 id
504 1751 806 1801 assentandi
839 1752 1022 1815 magis,
1043 1763 1193 1818 quam
1215 1749 1352 1814 quod

280 1838 491 1891 ‘ratum
524 1827 758 1891 habeam,
796 1825 971 1877 facere
1015 1824 1350 1877 existumes:'

282 1904 435 1955 deest
460 1905 596 1954 euim
618 1919 796 1955 eamn.
859 1903 946 1954 Sic
970 1912 1142 1955 autem
1166 1904 1352 1953 Roma-

280 1996 373 2031 nos
387 1982 531 2046 loqui
556 1980 815 2030 interdum
829 1980 1180 2042 consuevisse,
1196 1985 1352 2030 testa-

280 2065 369 2109 tur
393 2071 559 2107 xvm.
586 2056 899 2107 Priscianus.
920 2058 1056 2106 Saue
1077 2057 1234 2105 Corn.
1249 2056 1354 2105 Ta·

281 2136 415 2185 citus
459 2133 744 2183 identidem
798 2136 896 2184 hac
958 2133 1125 2198 ellipsi
1168 2133 1353 2196 utitur,

281 2213 472 2264 omino
497 2210 822 2261 substantivo
862 2225 1025 2260 caussa
1058 2210 1140 2260 vel
1171 2211 1354 2273 gratia,

280 2290 333 2339 id
358 2290 497 2356 quod
523 2291 576 2340 in
608 2290 855 2340 Terentio
878 2290 1162 2354 diligenter
1195 2304 1352 2338 anno-

279 2371 529 2419 tavimus.
596 2368 700 2418 Sed
725 2375 780 2419 et
803 2368 927 2418 alias
943 2368 1215 2417 Sallustius
1239 2365 1351 2431 ipse

279 2444 379 2495 boc
419 2443 577 2495 modo
622 2443 763 2508 loqui
796 2443 1097 2493 consuevit:
1150 2448 1211 2491 ut
1249 2444 1354 2492 suis

278 2521 409 2571 locis
450 2519 788 2570 indicabitur.
836 2521 852 2547 ‘
880 2518 1030 2570 Quod
1059 2518 1208 2568 initio
1232 2533 1353 2567 con-

279 2596 551 2646 servandae
577 2596 831 2645 libertatis
851 2594 1021 2645 {iterat
1040 2594 1071 2644 :'
1097 2610 1210 2659 pro,
1233 2596 1356 2659 quod

279 2676 342 2723 od
392 2674 668 2723 libertatem
723 2675 1082 2723 conservandum
1121 2671 1354 2733 faciebat.

282 2751 483 2801 Rivius.

350 2828 495 2883 Quod
538 2825 680 2875 initio
732 2828 1058 2876 conservande
1098 2825 1354 2888 liber-tacis,

281 2911 422 2970 aeque
470 2906 706 2968 ungenda
749 2904 868 2968 reip.
893 2902 1084 2968 fuer-ut]
1127 2905 1208 2953 Ne
1242 2904 1355 2968 quis

282 2990 429 3048 putet
464 2982 769 3031 mendosum
804 2995 914 3030 esse
954 2981 1141 3042 locum,
1176 2986 1355 3030 notan-

282 3061 402 3112 dum
429 3059 749 3123 existimavi,
770 3059 1081 3109 locutionem
1103 3073 1214 3109 esse
1244 3059 1355 3108 Sal·

283 3135 584 3194 lustiauam,
609 3149 712 3199 qua
746 3141 802 3184 et
836 3133 958 3182 alibi
994 3148 1113 3183 usus
1145 3141 1261 3195 est3
1296 3139 1356 3183 ut

284 3213 449 3264 iufra:
513 3214 530 3240 ‘
556 3212 775 3260 Poeuam
815 3210 1014 3260 illorum
1060 3209 1155 3259 sibi
1194 3210 1359 3275 oneri,

284 3289 652 3356 impunitatem
710 3287 993 3352 perduudae
1039 3287 1191 3352 Reip.
1243 3286 1356 3338 sore

286 3366 582 3418 credebat!
620 3366 690 3415 Et
713 3364 750 3414 l.
777 3378 815 3413 1.
847 3364 988 3414 Hist.
1011 3365 1063 3415 in
1087 3365 1239 3415 Orat.
1262 3366 1358 3415 Le-

283 3443 388 3507 pid.
418 3445 435 3472 ‘
465 3441 663 3493 Omnia
686 3440 974 3490 retinendas
998 3441 1359 3492 dominationis

280 3519 503 3572 honesta
540 3517 798 3570 aestimat!
871 3519 944 3569 Et
964 3518 1148 3568 eodem
1181 3518 1271 3569 lib.
1305 3520 1359 3568 in

288 3597 436 3649 Orat.
480 3596 750 3659 Philippi:
803 3594 820 3622 ‘
842 3595 1146 3644 Exercitum
1187 3595 1359 3659 oppri-

288 3674 489 3723 meudae
511 3671 772 3721 libertatis
796 3669 973 3735 cepit.’
1027 3669 1192 3720 Item:
1225 3670 1240 3697 ‘
1264 3670 1360 3722 Ar·

285 3766 369 3802 ma
395 3750 580 3802 civilia
614 3749 777 3814 cepit,
802 3750 971 3812 legum
1003 3763 1065 3797 ae
1101 3748 1358 3798 libertatis

288 3823 691 3878 subvertendae.’
747 3824 1018 3875 Terentius
1058 3839 1260 3890 quoque
1304 3825 1358 3874 in

286 3903 581 3969 Adelphis:
618 3905 632 3929 ‘
655 3902 737 3952 Ne
762 3901 814 3950 id
837 3901 1144 3952 adsentandi
1176 3903 1359 3967 magis,

287 3996 440 4047 quam
483 3980 627 4045 quod
674 3987 878 4044 gratum
921 3978 1137 4028 habeam
1182 3978 1358 4030 facere

287 4055 588 4106 existimes:
640 4057 728 4105 De
753 4054 850 4105 hoc
886 4054 1130 4120 loquendi
1168 4071 1357 4121 genere

290 4133 407 4183 vide
430 4133 759 4184 Prisciauum
780 4133 811 4181 l.
840 4145 1003 4181 xvm.
1059 4131 1326 4183 Manutius.

356 4211 496 4266 Quod
543 4210 689 4259 initio
740 4210 1065 4258 conservande
1108 4208 1362 4273 libertatis,

293 4288 407 4356 ξω]
448 4288 565 4339 Rex
606 4286 747 4338 euim
791 4286 940 4337 initio
974 4285 1264 4354 creabatur,
1304 4296 1362 4340 et

2350 359 2493 464 ssi

1417 527 1544 579 nihil
1567 526 1754 592 agebat
1771 527 1882 578 siue
1907 525 2217 578 auctoritate
2240 525 2479 577 Pati-um.

1421 606 1474 657 N
1478 620 1561 655 am
1576 605 1840 668 Romulus,
1854 618 1969 654 cum
1990 603 2245 653 coloniam
2265 603 2483 654 Romam

1421 682 1746 746 deduxisset,
1786 680 1934 731 dedit
1971 681 2233 746 optionem
2276 681 2484 746 populo,

1420 767 1482 810 ut
1505 758 1641 825 quod
1662 759 1826 808 vellet
1857 772 2027 807 rerum
2051 756 2373 820 publicarum
2395 772 2487 822 ge·

1419 850 1517 886 nus
1540 836 1789 901 eligeret:
1825 835 1972 901 isque
2006 848 2124 883 cum
2154 833 2248 884 sub
2277 833 2486 900 regibus

1420 912 1596 963 vivere
1618 910 1952 976 decrevisset,
1973 909 2148 960 statim
2180 908 2277 958 sibi
2309 923 2486 974 regem

1422 989 1694 1040 Romulum
1730 1003 1843 1039 esse
1872 987 2050 1053 jussit,
2069 995 2130 1037 ut
2160 991 2336 1037 narrat
2356 985 2488 1038 Dio·

1422 1066 1598 1131 nysius
1621 1066 1753 1117 libro
1775 1064 2022 1116 secundo.
2089 1063 2260 1113 Cestii.

1489 1143 1552 1193 In
1572 1143 1837 1208 uperbium
1851 1140 2301 1204 damnationemque
2314 1154 2364 1188 se
2380 1154 2486 1189 con·

1422 1221 1594 1286 vertit]
1624 1220 1924 1271 Dictionem
1943 1233 1994 1268 se
2019 1217 2221 1280 sustuli,
2241 1222 2489 1282 tanquam

1423 1296 1662 1347 inanem:
1699 1310 1798 1345 uec
1840 1301 2016 1345 tamen
2060 1308 2092 1343 a
2133 1307 2215 1342 me
2250 1298 2487 1342 veterem

1426 1373 1614 1423 librum
1638 1372 1914 1423 dissentire
1950 1369 2118 1433 video,
2148 1383 2265 1419 cum
2288 1382 2389 1434 qno
2409 1365 2488 1417 fa'·

1425 1450 1500 1501 cit
1520 1448 1659 1500 idem
1693 1448 1984 1509 Sallustius,
2015 1447 2103 1513 qui
2124 1447 2221 1497 hoc
2242 1445 2488 1512 loquendi

1426 1542 1618 1594 genere
1657 1525 1796 1577 alibi‘
1819 1540 2023 1592 quoque
2055 1538 2174 1574 usus
2196 1528 2310 1575 esta
2345 1524 2361 1552 ‘
2386 1524 2490 1573 ΝΒ

1423 1603 1527 1654 ista
1549 1602 1697 1653 vobis
1733 1601 2073 1651 mansuetudo
2109 1604 2166 1650 et
2203 1598 2491 1649 misericor-

1425 1680 1530 1742 dia,
1554 1681 1598 1730 si
1615 1679 1689 1730 illi
1713 1693 1858 1728 arma
1879 1677 2136 1742 ceperint,
2158 1675 2211 1725 in
2231 1674 2491 1725 miseriam

1423 1756 1633 1807 vertet!
1686 1755 1850 1805 Item:
1887 1753 1904 1781 ‘
1927 1750 2250 1802 Benefacere
2279 1751 2392 1815 jam
2422 1763 2490 1800 ex

1424 1832 1800 1886 cousuetudine
1817 1831 1869 1881 in
1892 1835 2132 1880 naturam
2152 1827 2347 1879 vertit!
2383 1827 2492 1878 De·

1422 1910 1608 1975 nique:
1654 1908 1670 1936 ‘
1696 1906 1952 1957 Secundae
1992 1920 2077 1955 res
2116 1904 2494 1968 ianiseratio·

1423 2001 1545 2036 nem
1581 1999 1649 2035 ex
1680 1984 1757 2033 ira
1790 1983 2036 2033 vertunt?
2110 1980 2248 2031 Alibi
2287 1995 2492 2047 quoque

1426 2061 1646 2113 Cicero:
1680 2059 1820 2110 ‘Sed
1856 2060 1956 2109 boe
1999 2058 2179 2108 vitium
2215 2057 2268 2107 in
2299 2057 2492 2108 bonum

1425 2141 1474 2190 ei
1498 2138 1774 2190 vertebat!
1817 2138 2031 2188 Tacitus
2052 2150 2139 2186 ιιι.
2170 2136 2186 2164 ‘
2206 2136 2491 2201 Postquam

1427 2216 1657 2267 caedibus
1679 2216 1913 2265 saevitnm
1932 2220 1986 2263 et
2008 2211 2310 2278 magnitudo
2335 2211 2490 2262 samm

1427 2294 1589 2343 exitio
1607 2299 1741 2358 erat,
1759 2292 1921 2343 ceteri
1946 2291 2012 2340 ad
2033 2289 2353 2356 sapientiora
2375 2303 2493 2340 cou-

1427 2371 1664 2422 verterc.'
1698 2370 1843 2420 Idem
1863 2369 2018 2419 alibi:
2042 2369 2058 2397 ‘
2078 2369 2222 2419 Clam
2238 2383 2352 2418 cum
2372 2381 2497 2431 pau·

1427 2447 1505 2497 cis
1526 2447 1592 2498 ad
1615 2447 1817 2513 pedites
1838 2445 2127 2497 convertit?
2161 2446 2337 2495 Caesar
2357 2443 2494 2495 Bell.

1429 2519 1534 2574 civ.
1563 2525 1599 2573 l.
1624 2538 1707 2574 m.
1741 2525 1758 2552 ⁴
1785 2524 2175 2573 Detrimentum
2215 2521 2267 2571 in
2301 2520 2493 2570 bouum

1429 2600 1698 2651 verteret!
1751 2600 1925 2650 Livius
1966 2600 2002 2647 i.
2038 2613 2077 2647 r.
2112 2599 2128 2625 ‘
2156 2596 2403 2660 Auspicia
2437 2595 2492 2644 in

1428 2676 1619 2727 bonum
1637 2674 1941 2725 verterunt.'
1973 2674 2043 2722 Et
2060 2674 2305 2722 Lxxxrx.
2322 2673 2338 2699 ‘
2359 2670 2493 2719 Haee

1429 2753 1483 2801 'm
1514 2752 1799 2817 perniciem
1833 2747 2150 2800 adolescenti
2185 2743 2493 2796 verterunt?

1428 2831 1577 2894 virg.
1614 2829 1810 2892 Georg.
1842 2840 1930 2876 ιιι.
1965 2825 1981 2852 ‘
2006 2826 2076 2874 Et
2115 2830 2240 2873 totae
2277 2822 2496 2872 solidam

1429 2909 1484 2957 iu
1509 2907 1728 2973 glaciem
1753 2910 1956 2955 vertere
1974 2901 2211 2952 lacunael
2284 2899 2495 2949 Tacitus

1429 2988 1445 3015 ‘
1471 2985 1732 3051 Astusque
1752 2983 1973 3035 bostium
1990 2981 2041 3029 iu
2061 2977 2345 3045 perniciem
2367 2977 2494 3041 ipsis

1430 3061 1706 3114 vertebat?
1750 3060 1832 3110 Id.
1853 3060 1869 3088 ‘
1893 3058 1998 3108 Seu
2019 3062 2214 3106 temere
2231 3055 2376 3117 lapsa
2393 3067 2496 3101 vox

1430 3142 1486 3191 iu
1510 3137 1816 3206 praesagium
1838 3133 2030 3186 vertit.'
2062 3131 2175 3182 Liv.
2200 3130 2216 3158 ‘
2245 3134 2497 3193 verterat·

1433 3232 1532 3283 que
1554 3214 1850 3279 Scipionum
1882 3209 2077 3261 invidia
2097 3207 2152 3257 in
2172 3203 2497 3256 Praetorem.’

1433 3293 1518 3344 Id.
1542 3294 1578 3343 l.
1597 3305 1676 3343 ιι.
1701 3287 1934 3340 Decadis
1955 3301 2033 3337 ιν.
2054 3285 2070 3313 ⁴
2094 3286 2271 3336 Mores
2288 3282 2496 3351 quidem

1433 3368 1618 3435 populi
1667 3368 1819 3419 Rom.
1872 3371 2119 3431 quantum
2160 3362 2499 3424 mutaverint,

1434 3448 1521 3498 vel
1563 3445 1644 3496 hic
1697 3445 1807 3496 dies
1852 3448 2156 3507 argumento
2194 3440 2295 3489 erit
2313 3440 2345 3488 ε’
2399 3452 2498 3503 pro

1432 3521 1608 3572 mutati
1624 3521 1740 3571 sint.
1774 3520 1846 3569 Et
1862 3521 1898 3569 l.
1917 3532 2041 3570 vm.
2065 3517 2190 3567 belli
2204 3514 2392 3565 Punici
2407 3526 2499 3565 ιιι.

1433 3599 1450 3626 ‘
1474 3598 1596 3647 Non
1636 3596 1831 3661 septies
1866 3594 1972 3655 die,
2016 3595 2153 3643 sicut
2194 3591 2333 3642 fama
2372 3587 2497 3655 fert,

1434 3673 1757 3737 temporibus
1778 3672 1989 3721 statutis
2013 3670 2306 3734 reciprocat
2320 3667 2354 3716 ι’
2378 3680 2516 3736 pro„

1431 3753 1767 3815 reciprocatur.
1799 3749 2097 3798 Suetonius:
2119 3749 2135 3773 ‘
2152 3744 2371 3798 Quoties
2393 3752 2497 3793 ter·

1435 3843 1493 3877 ra
1515 3828 1568 3876 in
1589 3827 1717 3876 urbe
1739 3826 1977 3876 movisset
1996 3823 2028 3885 ς’
2069 3838 2164 3887 pro
2201 3829 2329 3871 mota
2360 3823 2495 3869 esset.

1434 3904 1711 3970 Virgilius:
1746 3905 1762 3930 ‘
1791 3905 1908 3953 Nox
1949 3900 2156 3950 hiimida
2195 3899 2325 3948 coelo
2363 3910 2495 3960 prae·

1434 3980 1656 4046 cipitat.’
1689 3981 1862 4044 Idem,
1882 3981 1898 4007 ‘
1923 3978 2255 4042 Ingeminant
2279 3972 2499 4023 Austri!

1436 4060 1637 4109 Gellius
1659 4060 1819 4110 etiam
1843 4070 1884 4107 1.
1910 4060 1989 4105 13.
2019 4057 2035 4083 ‘
2058 4053 2113 4103 Si
2132 4065 2215 4102 res
2239 4051 2373 4100 forte
2392 4065 2496 4101 me·

1435 4133 1534 4187 lius
1557 4139 1818 4197 vertisset,
1842 4135 1955 4184 Diis
1980 4131 2187 4198 quidem
2218 4128 2389 4193 gratia
2409 4129 2497 4179 ha-

1439 4212 1646 4263 benda!
1694 4213 1868 4262 Livius
1886 4219 2059 4260 autem
2080 4208 2171 4258 lib.
2194 4221 2257 4256 11.
2281 4207 2349 4256 ab
2371 4207 2497 4258 urbe

1434 4291 1672 4354 condita,
1700 4289 1904 4354 ellipsin
1935 4285 2134 4337 faciens
2170 4279 2500 4352 pronominis,
