2984 4892
1130 418 1224 468 ΒΤ
1267 417 1647 474 ammove.
1750 469 1795 480 ,,

291 559 556 625 dientem)
568 562 761 613 acriter
779 562 1036 626 ingressus
1052 562 1353 616 Numidiam

291 629 344 746 ἐς
362 632 427 680 23
492 628 846 694 magistratum
882 628 916 681 J
951 632 1017 680 48
1082 643 1245 694 prava
1265 630 1354 679 via

362 698 478 754 ⁸⁴4,
498 699 531 754 ⁰.

279 799 302 820 ,,
360 757 676 809 Inhonesta:
713 758 894 824 quibus
930 757 1098 810 omnia
1136 758 1356 822 honesta

287 829 454 889 atqne
478 824 746 874 inhonesta
779 824 1007 876 vendere
1029 840 1138 875 mos
1170 833 1286 875 erat
1309 828 1354 875 C

277 889 405 942 ,30]
430 892 489 938 31
534 899 589 939 et
612 890 902 954 perniciosa
920 890 1078 941 libido
1102 898 1248 942 tenet
1263 892 1296 942 J
1321 895 1352 944 8

291 954 452 1005 vitam
471 961 626 1019 atque
647 954 886 1005 miseram
921 956 965 1006 C
993 960 1060 1007 20
1124 955 1356 1008 inhones-

289 1018 496 1069 tissime
519 1036 631 1085 qnae
651 1021 864 1070 honeste
890 1020 1148 1073 nominari
1160 1034 1353 1086 neque-

291 1093 390 1134 nnt
414 1086 455 1135 F
476 1089 590 1148 366,
612 1089 679 1135 26
1333 1137 1341 1142 .

357 1149 589 1201 inimicis
626 1150 862 1201 obnoxiis
900 1149 1175 1216 exsurgitis
1217 1151 1253 1203 J
1288 1155 1350 1203 31

287 1212 589 1266 inimicitias
625 1229 874 1266 exercere
907 1217 950 1265 C
985 1220 1046 1267 61
1113 1218 1351 1267 Senecae

288 1281 482 1331 habere
502 1281 722 1330 amicum
747 1283 877 1343 vult,
894 1281 937 1330 si
952 1281 1020 1332 ob
1040 1281 1165 1332 nibil
1192 1281 1353 1345 aliud,

272 1352 353 1396 ‚nt
376 1354 620 1396 exerceat
638 1346 1044 1410 amicitiam‚Ep.
1063 1351 1113 1396 9.
1149 1347 1356 1397 caedun-

289 1416 381 1461 tnr
403 1411 541 1460 inter
558 1411 847 1476 potentium
867 1411 1161 1463 inimicitias
1179 1413 1220 1462 F
1237 1417 1355 1479 308,

279 1479 323 1530 2
389 1477 595 1541 suscepi
623 1478 872 1527 maximas
896 1492 989 1542 pro
1011 1478 1145 1542 Rep.
1171 1478 1213 1527 F
1235 1482 1353 1542 323,

292 1544 355 1591 13
420 1555 526 1592 non
548 1556 613 1593 ex
637 1556 695 1592 re
715 1542 810 1592 sed
832 1558 900 1592 ex
920 1543 1191 1593 commode
1215 1546 1353 1593 aesti-

285 1619 435 1658 mare
456 1606 501 1657 C
529 1611 591 1658 10
651 1606 868 1658 factioni
893 1607 1135 1658 resistere
1170 1610 1352 1674 nequi-

290 1674 429 1722 verit
450 1673 495 1723 C
515 1675 580 1722 34
646 1687 789 1724 arma
811 1673 1020 1738 disjecit
1039 1674 1082 1724 F
1105 1677 1220 1736 349,
1243 1678 1304 1723 17

295 1775 299 1779 Α
354 1735 728 1802 Iniquitatem:
766 1746 984 1802 propter
1019 1738 1350 1803 iniquitatem

283 1801 394 1920 {Feci
414 1801 450 1854 J
470 1807 536 1853 92
602 1803 829 1867 graviter
870 1811 927 1854 et
966 1803 1142 1870 iniquo
1183 1805 1351 1855 animo

353 1870 470 1930 361,
492 1873 519 1922 1

356 1931 528 1984 initiis
549 1932 696 1984 bonis
716 1934 878 1983 malos
911 1938 1130 1984 eventus
1150 1934 1349 1990 habuit.

287 1997 335 2048 C
352 2002 410 2048 11
458 1999 571 2048 Cic.
595 2014 711 2049 cuin
729 2014 894 2062 praep.
910 1998 982 2048 in.
999 1998 1067 2048 de
1092 2000 1244 2050 Orat.
1266 2005 1351 2050 60.

289 2062 343 2112 in
355 2063 506 2115 initio
523 2064 870 2114 accusationis
882 2064 1202 2114 exanimatus
1219 2081 1353 2118 sum.

287 2134 346 2179 et
363 2129 477 2179 sine
501 2143 663 2193 praep.
688 2144 781 2193 pro
804 2130 960 2180 Rosc.
1011 2128 1121 2180 Iste
1143 2130 1232 2194 qui
1257 2130 1352 2179 ini-

253 2191 266 2202 ‘
288 2192 364 2242 tio
387 2194 621 2257 proditor
642 2193 763 2245 fuit.
784 2196 888 2244 Ms.
907 2196 970 2245 B.
989 2194 1055 2243 P.
1076 2209 1173 2257 pro
1196 2195 1353 2259 igitur

286 2255 455 2322 initio,
475 2259 632 2309 babet
649 2259 807 2324 igitur
821 2259 874 2309 in
893 2259 1045 2309 initio
1063 2258 1108 2309 C
1124 2264 1156 2310 2
1201 2261 1352 2310 male.

283 2335 404 2373 nam
448 2325 659 2375 Sallust.
715 2325 873 2375 vicies
933 2324 1097 2374 utitur
1137 2325 1236 2375 bac
1277 2325 1352 2374 lo-

281 2387 478 2453 quendi
521 2388 704 2450 forma,
750 2396 806 2440 et
850 2403 1059 2453 semper
1118 2390 1230 2440 sine
1281 2391 1349 2441 in.

287 2452 371 2517 pri
472 2468 591 2505 uam
632 2454 989 2519 hujuscemodi
1028 2454 1107 2504 rei
1148 2454 1353 2507 initium

285 2530 352 2568 ex
393 2532 424 2568 e
466 2519 516 2569 io
535 2520 570 2572 J
592 2525 623 2570 6

197 2609 202 2614 -
351 2533 557 2647 fnjnria
601 2591 842 2650 accepta,
881 2587 1155 2650 ignoscere
1199 2599 1350 2662 quam

283 2650 528 2713 persequi
573 2650 835 2701 malebant
872 2652 918 2701 C
951 2655 983 2700 9
1071 2651 1136 2700 ab
1159 2649 1352 2714 injuria

283 2720 400 2762 tnta
422 2712 594 2765 forent
616 2729 833 2778 corpora
854 2724 1034 2766 nostra
1056 2716 1100 2766 C
1126 2719 1190 2766 33
1261 2722 1352 2766 ant

196 2823 216 2840 ,
283 2785 455 2829 metus
481 2786 534 2829 te
558 2779 765 2844 subegit
786 2781 829 2830 C
852 2786 915 2831 51
985 2795 1075 2832 vos
1099 2780 1151 2830 in
1173 2794 1256 2830 me
1275 2780 1350 2830 in·

272 2842 417 2907 jnria
440 2843 676 2908 despecti
699 2845 824 2895 estis
860 2847 896 2897 J
922 2850 984 2896 14
1050 2845 1094 2895 si
1115 2844 1352 2896 defessus

271 2908 434 2959 malis
456 2909 660 2974 injurias
682 2911 1054 2962 concessissem
1082 2909 1117 2962 J
1145 2915 1206 2961 14
1273 2911 1351 2962 uti

271 2974 502 3040 ‚quisque
527 2976 958 3040 locupletissimus
981 2984 1037 3027 et
1060 2975 1250 3040 injuria
1265 2975 1351 3029 vs·

280 3037 436 3089 lidior
452 3040 495 3090 F
511 3044 628 3100 273,
646 3045 704 3091 17
725 3042 888 3092 omnis
908 3041 1167 3106 gravitate
1186 3041 1350 3092 tutior

283 3102 329 3153 F
352 3107 467 3182 304,
488 3108 519 3155 3
583 3106 849 3160 licentiam
887 3106 1180 3170 eripiebant
1210 3107 1253 3156 C
1288 3110 1350 3158 12

278 3183 352 3220 ne
373 3184 488 3235 quis
511 3169 810 3221 divitiarum
832 3172 995 3236 magis
1034 3185 1188 3237 quam
1219 3170 1348 3235 inju-

277 3234 377 3285 riae
420 3234 609 3288 belluni
647 3236 916 3302 inceptum
959 3237 1163 3286 diceret
1199 3236 1243 3286 C
1283 3242 1345 3288 51

279 3299 505 3367 passive.
529 3315 698 3367 neque
724 3302 961 3367 cuiquam
999 3301 1203 3366 injuriae
1238 3315 1347 3353 sne

278 3378 459 3429 parvae
481 3366 727 3417 videntur
757 3368 801 3417 C
822 3372 882 3417 61
946 3367 1034 3431 jus
1056 3374 1113 3417 et
1134 3366 1347 3430 injurias

277 3443 482 3494 omnes,
501 3445 639 3482 curae
661 3446 775 3483 esse
797 3432 951 3482 decet
970 3433 1004 3483 J
1032 3434 1092 3481 14
1159 3446 1349 3496 oppor-

219 3559 228 3564 -
282 3505 444 3546 mnus
463 3495 499 3548 J
525 3500 591 3547 20
657 3497 801 3574 quasi
834 3497 1076 3562 injuriam
1099 3494 1271 3546 facere
1294 3497 1348 3547 id

279 3559 491 3610 demum
514 3567 649 3611 esset
666 3563 886 3625 imperio
903 3562 980 3614 uti
998 3563 1043 3614 C
1063 3567 1124 3613 12
1163 3576 1225 3611 eo
1241 3562 1349 3612 ani-

273 3639 424 3686 mum
447 3641 592 3676 suum
617 3626 858 3691 iujuriam
880 3627 1046 3678 minus
1061 3628 1287 3677 tolerare
1311 3628 1347 3680 J

279 3694 350 3742 22
416 3691 553 3741 bono
577 3692 714 3743 vinci
736 3692 898 3743 satius
921 3700 1000 3742 est
1022 3706 1177 3757 quain
1211 3692 1348 3745 malo

275 3755 686 3820 moreiujnrinm
709 3758 919 3809 vincere
957 3757 993 3809 J
1028 3762 1095 3807 42
1161 3772 1256 3821 per
1276 3758 1349 3806 in·

269 3821 470 3886 juriam
495 3823 695 3872 malunt
730 3822 1105 3888 quamoptimo
1135 3823 1258 3888 jure
1287 3822 1347 3871 li-

281 3888 410 3937 bere
455 3901 611 3951 agere
657 3888 699 3937 F
741 3893 858 3952 275,
893 3894 923 3937 5
1013 3887 1214 3940 solvere
1257 3894 1348 3938 ant

278 3950 416 4000 mori
456 3966 553 4016 per
595 3951 843 4004 virtutem
885 3954 931 4003 F
966 3956 1081 4015 276,
1125 3955 1188 4001 19
1253 3953 1347 4014 sic,

279 4015 484 4065 solvere
519 4025 685 4067 morte
707 4017 993 4078 servitium,
1011 4019 1205 4082 Dictys
1225 4018 1347 4070 Cre·

280 4080 446 4131 tensis
469 4096 521 4144 v,
544 4086 624 4144 16,
643 4087 759 4135 214.
825 4084 1095 4133 remittere
1127 4097 1233 4132 non
1260 4098 1349 4132 au-

279 4144 410 4196 dere
454 4146 497 4196 F
534 4151 651 4209 307,
684 4155 717 4201 4
802 4163 898 4213 per
930 4162 1072 4198 suani
1107 4147 1347 4212 injuriam

270 4210 383 4260 sibi
406 4211 602 4261 inimici
623 4214 667 4266 F
689 4217 853 4276 341,2
886 4214 1109 4276 Fame
1166 4219 1347 4264 tuasne

281 4289 570 4341 persequar
592 4277 625 4328 J
653 4282 712 4329 1⁴
780 4293 933 4328 manu
965 4278 1346 4332 vindicaturum

263 4341 315 4398 ,J
341 4345 408 4402 20
473 4341 552 4393 uti
572 4352 761 4394 contra
779 4343 995 4414 injiirias
1014 4344 1198 4394 armati
1215 4343 1347 4396 eatis

2356 430 2500 480 XCV

1428 564 1464 616 J
1486 568 1553 614 3-1
1608 565 2040 633 contumeliisque
2062 566 2355 626 concitatus
2371 571 2495 630 085

1494 628 1698 694 Injusta
1717 632 1935 695 imperia
1948 648 2051 684 non
2077 633 2350 709 perferunt
2370 638 2403 688 J
2431 642 2493 690 st

1427 693 1621 746 militia
1643 696 1685 745 F
1706 700 1822 760 347,
1840 701 1873 746 8
1932 707 2010 759 nt,
2026 699 2221 764 injusto
2247 709 2501 767 tempore,

1428 761 1607 810 Valet.
1645 776 1712 810 ex
1745 762 1850 813 Ma.
1892 762 2045 813 Cant.
2069 766 2127 824 ii,
2148 771 2201 824 7,
2226 770 2305 816 14.
2375 768 2497 824 edd,

1431 833 1671 891 angusto,
1711 827 1791 876 uti
1844 834 1902 879 et
1962 828 2220 891 Lucanus,
2258 839 2495 897 tenpore

1430 892 2088 1021 z‘zffffizjzssfflcfitsszz
2104 909 2168 946 ²⁰
2205 910 2359 948 ‘²⁰⁸²
2393 911 2497 963 ‘¹¹¹‘

1494 1021 1818 1073 Innocente:
1867 1037 1985 1073 cuni
2027 1024 2303 1076 innocente
2341 1024 2498 1080 absti-

1429 1085 1609 1136 nentia
1642 1088 1883 1138 certabat
1922 1089 1965 1139 C
2000 1093 2068 1142 64
2133 1090 2295 1142 factio
2318 1093 2497 1144 noxio·

1425 1165 1541 1210 rum
1580 1166 1736 1215 quam
1771 1153 2075 1204 innocentes
2110 1157 2275 1206 tutius
2307 1158 2420 1221 agit
2455 1153 2499 1208 1²

1427 1220 1544 1280 300,
1562 1221 1635 1266 ·16
1700 1232 1798 1282 pro
1820 1218 2178 1270 malivolentia
2198 1220 2319 1272 duci
2335 1222 2498 1287 coepiit

1427 1281 1727 1333 innocentia
1750 1283 1794 1333 C
1819 1287 1882 1334 12

1492 1347 1680 1412 Inopia
1696 1348 1771 1398 tei
1786 1347 2056 1400 familiaris
2068 1350 2111 1399 C
2127 1356 2158 1400 5
2198 1357 2359 1416 atque
2375 1350 2500 1404 mali

1427 1425 1601 1462 mores
1622 1412 1957 1472 stimulabant
1985 1416 2029 1466 C
2055 1419 2116 1464 18
2180 1417 2301 1481 quia
2322 1417 2499 1482 inopia

1427 1476 1542 1591 Sex,
1566 1476 1860 1544 subintell.)
1896 1479 2063 1534 minus
2087 1482 2266 1545 largiri
2290 1489 2499 1547 poterat

1456 1544 1472 1590 ἶ
1495 1546 1559 1593 23
1626 1550 1786 1609 atque
1804 1545 2012 1594 luxuria
2034 1560 2274 1611 praeceps
2294 1548 2499 1599 abierat

1428 1605 1474 1656 C
1489 1612 1554 1658 25
1622 1608 1909 1673 urgebatur
1925 1610 1959 1660 J
1977 1614 2041 1660 41
2110 1611 2214 1662 cibi
2233 1612 2401 1662 acrior
2420 1614 2498 1670 vis

1425 1674 1745 1738 serpentium
1775 1676 1809 1726 J
1843 1679 1910 1724 89
1974 1674 2219 1726 frumenti
2259 1676 2497 1730 tentaba-

1428 1744 1516 1787 tur
1552 1738 1587 1791 J
1623 1743 1689 1790 90
1754 1736 2036 1804 flagrantes
2074 1753 2131 1791 et
2167 1741 2497 1805 cupidinibus

1427 1802 1471 1852 F
1515 1808 1633 1865 281,
1676 1808 1739 1860 12
1824 1820 1892 1854 ex
1932 1804 2112 1871 inopia
2148 1807 2297 1871 gravi
2336 1808 2495 1860 satias

1427 1865 1571 1919 facta
1594 1870 1635 1918 F
1656 1873 1771 1932 299,
1786 1874 1817 1919 7
1885 1871 2064 1921 ambos
2083 1872 2294 1922 incessit
2316 1873 2359 1922 F
2376 1877 2495 1936 315,

1426 1935 1458 1981 7
1527 1933 1755 1984 incertas
1777 1934 1957 1985 domos
1978 1936 2173 1986 habere
2210 1937 2418 2001 subegit
2450 1938 2496 1988 F

1427 2002 1544 2063 362,
1563 2003 1595 2048 2
1663 1999 1893 2050 decretis
1914 2002 2021 2050 suis
2038 2000 2228 2066 inopiae
2251 2002 2496 2066 opitulati

1428 2072 1551 2113 sunt
1588 2065 1632 2115 C
1659 2068 1722 2114 33
1791 2066 2107 2116 toleraverat
2127 2067 2371 2117 mercede
2394 2082 2496 2118 nia·

1427 2141 1589 2178 nuum
1611 2129 1655 2178 C
1676 2132 1740 2179 37
1807 2129 2021 2194 hujusce
2044 2131 2120 2181 rei
2144 2145 2242 2195 ego
2261 2131 2493 2196 inopiam

1466 2194 1605 2245 atior
1627 2193 1862 2271 (gloriae)
1876 2196 1909 2246 J
1927 2200 1988 2245 86
2055 2195 2307 2247 frumenti
2330 2198 2495 2249 lenire

1485 2261 1550 2307 91
1618 2259 1853 2322 agitandi
1890 2260 2060 2324 inops,
2084 2263 2498 2327 despectusque,

1426 2321 1645 2439 (lelxutus
1665 2325 1904 2390 imperio,
1923 2326 2107 2390 gloria,
2137 2326 2288 2393 jure)
2310 2328 2352 2377 F
2373 2332 2490 2394 376,

1491 2453 1703 2519 laquies
1720 2461 1878 2540 atque
1895 2454 2197 2506 indomitum
2206 2456 2493 2522 (ingenium

1425 2516 1731 2585 humanum)
1774 2521 1805 2569 1·
1845 2524 2016 2581 272,6
2081 2523 2299 2572 verbum
2323 2523 2495 2576 Livia-

1425 2597 1578 2698 :21:¹12
1597 2586 1961 2700 θὲοἰέωἳῗὲὗέἰ
1990 2586 2493 2703 ῧῖἥθωιῖἱῖὶαεῗίἓ

1426 2713 1500 2763 N.
1519 2714 1592 2766 Η.
1628 2716 1755 2766 satis
1764 2716 1879 2781 jam
1896 2715 1991 2764 sibi
2008 2716 2187 2775 glorie
2202 2716 2496 2782 quaesitum,

1426 2786 1484 2829 et
1506 2779 1735 2842 potuisse
1759 2794 1814 2829 se
1837 2779 2079 2829 desinere
2098 2780 2160 2829 ‚ni
2182 2780 2395 2831 -enimus
2416 2782 2494 2832 in-

1425 2843 1574 2908 quies
1607 2851 1912 2908 pasceretur
1943 2859 2122 2909 opere.
2171 2844 2291 2896 vide
2326 2846 2493 2900 Justi·

1425 2913 1656 2985 puin-44,
1677 2914 1727 2960 2.
1793 2909 1885 2959 scd
1918 2910 2019 2960 Ms.
2053 2910 2117 2959 B.
2154 2910 2290 2988 Pub.
2329 2910 2492 2964 habet

1422 2974 2044 3102 fffflssffiss’essffixffi'i',
2061 2974 2491 3104 xmuffi

1423 3102 1516 3153 lib.
1540 3109 1590 3154 9.
1641 3104 1863 3170 inquieti
1884 3105 2205 3169 procacitate
2224 3105 2493 3169 prteditm.

1425 3168 1658 3233 Corpore
1696 3179 1754 3219 et
1790 3170 1969 3233 lingua
2015 3170 2273 3235 percitum
2317 3179 2373 3222 et
2418 3171 2493 3221 in-
2576 3231 2581 3238 .

1425 3234 1655 3299 quietem
1682 3235 1725 3285 F
1746 3239 1862 3313 293,
1886 3239 1948 3284 16

1489 3298 1785 3364 lnquilinns
1807 3300 1937 3349 civis
1957 3299 2098 3350 urbis
2124 3299 2305 3350 Roma
2331 3301 2376 3352 C
2393 3305 2459 3354 31

1488 3364 1696 3419 Inscius
1715 3372 1772 3416 et
1794 3365 2093 3430 imprudens
2118 3366 2159 3414 F
2181 3370 2298 3424 352,
2321 3371 2386 3419 16

1489 3429 1715 3480 Insidias
1740 3434 1961 3495 parabat
1985 3431 2223 3482 Ciceroni
2263 3433 2307 3481 C
2339 3436 2407 3484 20
2447 3431 2494 3486 F

1423 3497 1592 3557 363,3
1662 3497 1847 3562 quibus
1872 3496 2188 3562 parabantur
2224 3496 2269 3546 C
2289 3501 2355 3547 43
2423 3512 2491 3547 ex

1421 3560 1623 3610 insidiis
1646 3561 1874 3627 undique
1895 3561 2156 3612 invaditur
2173 3560 2206 3611 J
2232 3566 2326 3611 113
2382 3567 2493 3612 ten·

1424 3626 1550 3677 dere
1592 3625 1637 3676 C
1680 3631 1744 3676 27
1810 3631 2075 3677 maturent
2113 3626 2308 3675 consuli
2348 3627 2392 3675 C
2424 3630 2490 3688 32

1423 3705 1523 3756 pcr
1544 3690 1757 3742 insidias
1777 3690 2174 3756 deprehendant
2194 3690 2239 3740 C
2255 3694 2318 3740 46
2366 3705 2490 3741 con·

1422 3756 1536 3807 silia
1555 3757 1857 3807 antevenire
1873 3758 1903 3809 J
1928 3761 1991 3807 88
2008 3754 2338 3805 insidiatores
2352 3755 2494 3806 uss·

1424 3820 1730 3937 {im-{22⁸⁸
1750 3818 2342 3935 ³⁶³⁶nuilossgffssiff⁸tktig⁸
2374 3826 2490 3871 ten-

1447 3901 1539 3935 are
1750 3901 1859 3936 circ
1949 3901 1980 3934 v

1488 3951 1689 4001 Insitus
1733 3951 1853 4001 huic
1900 3951 2015 4000 urbi
2056 3949 2183 4000 civis
2222 3950 2267 3999 F
2303 3952 2420 4014 362,
2455 3952 2490 4000 2

1423 4024 1676 4082 quantum
1709 4014 1813 4064 odii
1846 4015 2059 4066 insitum
2087 4014 2288 4077 animis,
2311 4014 2487 4078 Valet,

1423 4082 1495 4142 vi,
1518 4086 1572 4143 3,
1596 4085 1643 4132 1.
1677 4081 1778 4130 Ms.
1805 4079 2065 4130 libertatis
2105 4094 2299 4142 amore,
2336 4080 2489 4131 male.

1423 4144 1566 4196 insiti
1587 4145 1816 4210 lapidum
1848 4155 2050 4195 natnrae
2072 4144 2237 4209 ignes.
2288 4144 2430 4196 Plin.
2452 4145 2492 4210 i,

1423 4215 1544 4271 258,
1565 4215 1599 4260 2

1489 4276 1726 4327 Insolens
1747 4274 1997 4326 malarum
2016 4273 2201 4324 artium
2219 4274 2417 4326 animus
2441 4273 2487 4325 G

1423 4344 1455 4395 3
1525 4355 1651 4394 vera
1671 4339 1966 4410 accipiendi
2002 4341 2046 4392 F
2080 4344 2199 4412 326,
2220 4341 2281 4393 17
2347 4337 2487 4410 quud
