<?xml version="1.0" encoding="UTF-8"?>
<!DOCTYPE html PUBLIC "-//W3C//DTD XHTML 1.0 Transitional//EN"
    "http://www.w3.org/TR/xhtml1/DTD/xhtml1-transitional.dtd">
<html xmlns="http://www.w3.org/1999/xhtml" xml:lang="en" lang="en">
 <head>
  <title>
</title>
<meta http-equiv="Content-Type" content="text/html;charset=utf-8" />
  <meta name='ocr-system' content='tesseract 3.04.00' />
  <meta name='ocr-capabilities' content='ocr_page ocr_carea ocr_par ocr_line ocrx_word'/>
</head>
<body>
  <div class='ocr_page' id='page_1' title='image "./ccrispisallusti00clergoog_0346.png"; bbox 0 0 2984 4892; ppageno 0'>
   <div class='ocr_carea' id='block_1_1' title="bbox 470 423 2056 494">
    <p class='ocr_par' dir='ltr' id='par_1_1' title="bbox 470 423 2056 494">
     <span class='ocr_line' id='line_1_1' title="bbox 470 423 2056 494; baseline -0.001 -9"><span class='ocrx_word' id='word_1_1' title='bbox 470 451 479 462; x_wconf 93' lang='lat'><strong>·</strong></span> <span class='ocrx_word' id='word_1_2' title='bbox 534 423 673 494; x_wconf 69' lang='lat'><strong>882</strong></span> <span class='ocrx_word' id='word_1_3' title='bbox 1252 436 1316 484; x_wconf 86' lang='lat' dir='ltr'><strong>c.</strong></span> <span class='ocrx_word' id='word_1_4' title='bbox 1363 431 1608 486; x_wconf 73' lang='lat' dir='ltr'><strong>omem</strong></span> <span class='ocrx_word' id='word_1_5' title='bbox 1633 427 2056 485; x_wconf 67' lang='lat' dir='ltr'><strong>&#39;sAnwsvu</strong></span> 
     </span>
    </p>
   </div>
   <div class='ocr_carea' id='block_1_2' title="bbox 536 582 2779 3758">
    <p class='ocr_par' dir='ltr' id='par_1_2' title="bbox 536 582 2516 676">
     <span class='ocr_line' id='line_1_2' title="bbox 536 582 2516 676; baseline -0.005 -20"><span class='ocrx_word' id='word_1_6' title='bbox 536 621 547 627; x_wconf 96' lang='lat'>·</span> <span class='ocrx_word' id='word_1_7' title='bbox 624 589 899 676; x_wconf 85' lang='lat' dir='ltr'><strong>Quippe</strong></span> <span class='ocrx_word' id='word_1_8' title='bbox 925 593 1119 655; x_wconf 73' lang='lat' dir='ltr'><strong>vasta</strong></span> <span class='ocrx_word' id='word_1_9' title='bbox 1142 587 1348 654; x_wconf 76' lang='lat' dir='ltr'><strong>Italia</strong></span> <span class='ocrx_word' id='word_1_10' title='bbox 1375 589 1650 672; x_wconf 81' lang='lat' dir='ltr'><strong>rapinis,</strong></span> <span class='ocrx_word' id='word_1_11' title='bbox 1677 587 1862 672; x_wconf 79' lang='lat' dir='ltr'><strong>fuga,</strong></span> <span class='ocrx_word' id='word_1_12' title='bbox 1893 585 2218 653; x_wconf 75' lang='lat' dir='ltr'><strong>caedibnS.</strong></span> <span class='ocrx_word' id='word_1_13' title='bbox 2312 582 2516 649; x_wconf 71' lang='lat' dir='ltr'><strong>Idemi</strong></span> 
     </span>
    </p>

    <p class='ocr_par' dir='ltr' id='par_1_3' title="bbox 539 688 2759 1082">
     <span class='ocr_line' id='line_1_3' title="bbox 627 688 2755 775; baseline -0.002 -17"><span class='ocrx_word' id='word_1_14' title='bbox 627 689 729 758; x_wconf 85' lang='lat' dir='ltr'><strong>Hi</strong></span> <span class='ocrx_word' id='word_1_15' title='bbox 777 699 929 758; x_wconf 89' lang='lat' dir='ltr'><strong>sunt</strong></span> <span class='ocrx_word' id='word_1_16' title='bbox 984 692 1098 775; x_wconf 88' lang='lat' dir='ltr'><strong>qni</strong></span> <span class='ocrx_word' id='word_1_17' title='bbox 1142 690 1506 755; x_wconf 87' lang='lat' dir='ltr'><strong>secundnm</strong></span> <span class='ocrx_word' id='word_1_18' title='bbox 1548 690 1799 774; x_wconf 78' lang='lat' dir='ltr'><strong>pocula</strong></span> <span class='ocrx_word' id='word_1_19' title='bbox 1847 692 1914 755; x_wconf 87' lang='lat' dir='ltr'><strong>et</strong></span> <span class='ocrx_word' id='word_1_20' title='bbox 1955 689 2125 754; x_wconf 75' lang='lat' dir='ltr'><strong>alius</strong></span> <span class='ocrx_word' id='word_1_21' title='bbox 2167 705 2278 755; x_wconf 89' lang='lat' dir='ltr'><strong>res</strong></span> <span class='ocrx_word' id='word_1_22' title='bbox 2321 707 2563 755; x_wconf 74' lang='lat' dir='ltr'><strong>aureas</strong></span> <span class='ocrx_word' id='word_1_23' title='bbox 2597 688 2755 755; x_wconf 82' lang='lat' dir='ltr'><strong>Diis</strong></span> 
     </span>
     <span class='ocr_line' id='line_1_4' title="bbox 539 789 2756 861; baseline -0.001 0"><span class='ocrx_word' id='word_1_24' title='bbox 539 800 804 861; x_wconf 77' lang='lat' dir='ltr'><strong>sacrata</strong></span> <span class='ocrx_word' id='word_1_25' title='bbox 846 796 1274 860; x_wconf 79' lang='lat' dir='ltr'><strong>instrumenta</strong></span> <span class='ocrx_word' id='word_1_26' title='bbox 1315 795 1621 860; x_wconf 80' lang='lat' dir='ltr'><strong>convivio</strong></span> <span class='ocrx_word' id='word_1_27' title='bbox 1663 798 2052 860; x_wconf 80' lang='lat' dir='ltr'><strong>mereantur.</strong></span> <span class='ocrx_word' id='word_1_28' title='bbox 2171 791 2215 835; x_wconf 72' lang='lat'><strong>¹¹*</strong></span> <span class='ocrx_word' id='word_1_29' title='bbox 2247 789 2425 857; x_wconf 81' lang='lat' dir='ltr'><strong>Idem</strong></span> <span class='ocrx_word' id='word_1_30' title='bbox 2467 791 2565 856; x_wconf 75' lang='lat' dir='ltr'><strong>ad</strong></span> <span class='ocrx_word' id='word_1_31' title='bbox 2597 789 2756 858; x_wconf 73' lang='lat' dir='ltr'><strong>AEae.</strong></span> 
     </span>
     <span class='ocr_line' id='line_1_5' title="bbox 548 913 841 963; baseline -0.007 0"><span class='ocrx_word' id='word_1_32' title='bbox 548 913 712 963; x_wconf 84' lang='lat' dir='ltr'><strong>vm.</strong></span> <span class='ocrx_word' id='word_1_33' title='bbox 834 913 841 920; x_wconf 87' lang='lat'><strong>·</strong></span> 
     </span>
     <span class='ocr_line' id='line_1_6' title="bbox 542 995 2759 1082; baseline -0.004 -15"><span class='ocrx_word' id='word_1_34' title='bbox 542 1029 559 1038; x_wconf 85' lang='lat'><em>·</em></span> <span class='ocrx_word' id='word_1_35' title='bbox 626 1001 709 1067; x_wconf 89' lang='lat' dir='ltr'><strong>In</strong></span> <span class='ocrx_word' id='word_1_36' title='bbox 735 1001 1026 1068; x_wconf 79' lang='lat' dir='ltr'><strong>secunda</strong></span> <span class='ocrx_word' id='word_1_37' title='bbox 1067 1001 1348 1067; x_wconf 80' lang='lat' dir='ltr'><strong>festinas</strong></span> <span class='ocrx_word' id='word_1_38' title='bbox 1374 999 1682 1066; x_wconf 83' lang='lat' dir='ltr'><strong>cohortes</strong></span> <span class='ocrx_word' id='word_1_39' title='bbox 1709 1002 2199 1082; x_wconf 79' lang='lat' dir='ltr'><strong>composuerat.</strong></span> <span class='ocrx_word' id='word_1_40' title='bbox 2290 996 2465 1064; x_wconf 84' lang='lat' dir='ltr'><strong>Idem</strong></span> <span class='ocrx_word' id='word_1_41' title='bbox 2509 995 2602 1060; x_wconf 78' lang='lat' dir='ltr'><strong>ad</strong></span> <span class='ocrx_word' id='word_1_42' title='bbox 2646 1013 2759 1062; x_wconf 81' lang='lat'><strong>11.</strong></span> 
     </span>
    </p>

    <p class='ocr_par' dir='ltr' id='par_1_4' title="bbox 628 1098 2377 1189">
     <span class='ocr_line' id='line_1_7' title="bbox 628 1098 2377 1189; baseline -0.001 -19"><span class='ocrx_word' id='word_1_43' title='bbox 628 1104 789 1170; x_wconf 79' lang='lat' dir='ltr'><strong>Jam</strong></span> <span class='ocrx_word' id='word_1_44' title='bbox 817 1109 1083 1189; x_wconf 85' lang='lat' dir='ltr'><strong>repente</strong></span> <span class='ocrx_word' id='word_1_45' title='bbox 1110 1104 1298 1169; x_wconf 84' lang='lat' dir='ltr'><strong>visus</strong></span> <span class='ocrx_word' id='word_1_46' title='bbox 1326 1104 1566 1171; x_wconf 80' lang='lat' dir='ltr'><strong>saevire</strong></span> <span class='ocrx_word' id='word_1_47' title='bbox 1591 1102 1887 1185; x_wconf 66' lang='lat' dir='ltr'><strong>Taguns.</strong></span> <span class='ocrx_word' id='word_1_48' title='bbox 1981 1098 2155 1165; x_wconf 85' lang='lat' dir='ltr'><strong><em>Idem</em></strong></span> <span class='ocrx_word' id='word_1_49' title='bbox 2184 1099 2272 1165; x_wconf 83' lang='lat' dir='ltr'><strong>ad</strong></span> <span class='ocrx_word' id='word_1_50' title='bbox 2296 1116 2377 1168; x_wconf 84' lang='lat' dir='ltr'><strong>x.</strong></span> 
     </span>
    </p>

    <p class='ocr_par' dir='ltr' id='par_1_5' title="bbox 626 1204 1796 1292">
     <span class='ocr_line' id='line_1_8' title="bbox 626 1204 1796 1292; baseline -0.002 -19"><span class='ocrx_word' id='word_1_51' title='bbox 626 1207 898 1273; x_wconf 81' lang='lat' dir='ltr'><strong>Exuant</strong></span> <span class='ocrx_word' id='word_1_52' title='bbox 930 1209 1134 1273; x_wconf 78' lang='lat' dir='ltr'><strong>armis</strong></span> <span class='ocrx_word' id='word_1_53' title='bbox 1162 1208 1503 1292; x_wconf 79' lang='lat' dir='ltr'><strong>equisque.</strong></span> <span class='ocrx_word' id='word_1_54' title='bbox 1597 1204 1796 1271; x_wconf 85' lang='lat' dir='ltr'><strong><em>Idem.</em></strong></span> 
     </span>
    </p>

    <p class='ocr_par' dir='ltr' id='par_1_6' title="bbox 631 1307 1470 1376">
     <span class='ocr_line' id='line_1_9' title="bbox 631 1307 1470 1376; baseline -0.005 0"><span class='ocrx_word' id='word_1_55' title='bbox 631 1308 830 1376; x_wconf 78' lang='lat' dir='ltr'><strong>Solus</strong></span> <span class='ocrx_word' id='word_1_56' title='bbox 858 1310 1209 1376; x_wconf 63' lang='lat' dir='ltr'><strong>festinare·</strong></span> <span class='ocrx_word' id='word_1_57' title='bbox 1276 1307 1470 1373; x_wconf 83' lang='lat' dir='ltr'><strong><em>Idem.</em></strong></span> 
     </span>
    </p>

    <p class='ocr_par' dir='ltr' id='par_1_7' title="bbox 538 1409 2764 1702">
     <span class='ocr_line' id='line_1_10' title="bbox 630 1409 1971 1494; baseline -0.004 -15"><span class='ocrx_word' id='word_1_58' title='bbox 630 1412 995 1479; x_wconf 62' lang='lat' dir='ltr'><strong>Lusitaniae</strong></span> <span class='ocrx_word' id='word_1_59' title='bbox 1035 1431 1302 1494; x_wconf 79' lang='lat' dir='ltr'><strong>gravem</strong></span> <span class='ocrx_word' id='word_1_60' title='bbox 1332 1412 1694 1478; x_wconf 77' lang='lat' dir='ltr'><strong>civitatem.</strong></span> <span class='ocrx_word' id='word_1_61' title='bbox 1773 1409 1971 1476; x_wconf 83' lang='lat' dir='ltr'><em>Idem.</em></span> 
     </span>
     <span class='ocr_line' id='line_1_11' title="bbox 541 1503 2764 1601; baseline -0.001 -20"><span class='ocrx_word' id='word_1_62' title='bbox 541 1514 550 1528; x_wconf 89' lang='lat'>&#39;</span> <span class='ocrx_word' id='word_1_63' title='bbox 629 1503 739 1580; x_wconf 80' lang='lat' dir='ltr'><strong>Ex</strong></span> <span class='ocrx_word' id='word_1_64' title='bbox 762 1521 949 1600; x_wconf 80' lang='lat' dir='ltr'><strong>purte</strong></span> <span class='ocrx_word' id='word_1_65' title='bbox 976 1515 1340 1581; x_wconf 81' lang='lat' dir='ltr'><strong>cohortium</strong></span> <span class='ocrx_word' id='word_1_66' title='bbox 1366 1516 1729 1601; x_wconf 74' lang='lat' dir='ltr'><strong>praecipere</strong></span> <span class='ocrx_word' id='word_1_67' title='bbox 1755 1515 2096 1595; x_wconf 81' lang='lat' dir='ltr'><strong>instructa,</strong></span> <span class='ocrx_word' id='word_1_68' title='bbox 2137 1521 2206 1581; x_wconf 90' lang='lat' dir='ltr'><strong>et</strong></span> <span class='ocrx_word' id='word_1_69' title='bbox 2231 1514 2544 1579; x_wconf 78' lang='lat' dir='ltr'><strong>stationes</strong></span> <span class='ocrx_word' id='word_1_70' title='bbox 2569 1511 2764 1579; x_wconf 78' lang='lat' dir='ltr'><strong>locu-</strong></span> 
     </span>
     <span class='ocr_line' id='line_1_12' title="bbox 538 1614 1358 1702; baseline -0.004 -19"><span class='ocrx_word' id='word_1_71' title='bbox 538 1623 632 1692; x_wconf 80' lang='lat' dir='ltr'><strong>toe</strong></span> <span class='ocrx_word' id='word_1_72' title='bbox 657 1635 784 1702; x_wconf 85' lang='lat' dir='ltr'><strong>pro</strong></span> <span class='ocrx_word' id='word_1_73' title='bbox 811 1618 1066 1683; x_wconf 80' lang='lat' dir='ltr'><strong>castris.</strong></span> <span class='ocrx_word' id='word_1_74' title='bbox 1162 1614 1358 1682; x_wconf 88' lang='lat' dir='ltr'><strong>Idem.</strong></span> 
     </span>
    </p>

    <p class='ocr_par' dir='ltr' id='par_1_8' title="bbox 629 1716 2581 1805">
     <span class='ocr_line' id='line_1_13' title="bbox 629 1716 2581 1805; baseline -0.003 -17"><span class='ocrx_word' id='word_1_75' title='bbox 629 1719 892 1788; x_wconf 80' lang='lat' dir='ltr'><strong>Bellum</strong></span> <span class='ocrx_word' id='word_1_76' title='bbox 921 1720 1165 1805; x_wconf 90' lang='lat' dir='ltr'><strong>quibus</strong></span> <span class='ocrx_word' id='word_1_77' title='bbox 1182 1725 1409 1805; x_wconf 82' lang='lat' dir='ltr'><strong>posset</strong></span> <span class='ocrx_word' id='word_1_78' title='bbox 1434 1719 1925 1786; x_wconf 81' lang='lat' dir='ltr'><strong>conditionibus</strong></span> <span class='ocrx_word' id='word_1_79' title='bbox 1948 1720 2290 1787; x_wconf 73' lang='lat' dir='ltr'><strong>desineret.</strong></span> <span class='ocrx_word' id='word_1_80' title='bbox 2382 1716 2581 1782; x_wconf 84' lang='lat' dir='ltr'><strong>Idem.</strong></span> 
     </span>
    </p>

    <p class='ocr_par' dir='ltr' id='par_1_9' title="bbox 540 1820 2769 2011">
     <span class='ocr_line' id='line_1_14' title="bbox 628 1820 2769 1909; baseline 0 -20"><span class='ocrx_word' id='word_1_81' title='bbox 628 1822 713 1889; x_wconf 91' lang='lat' dir='ltr'><strong>ln</strong></span> <span class='ocrx_word' id='word_1_82' title='bbox 763 1825 914 1908; x_wconf 89' lang='lat' dir='ltr'><strong>quis</strong></span> <span class='ocrx_word' id='word_1_83' title='bbox 959 1823 1339 1907; x_wconf 80' lang='lat' dir='ltr'><strong>longissimo</strong></span> <span class='ocrx_word' id='word_1_84' title='bbox 1386 1842 1535 1889; x_wconf 77' lang='lat' dir='ltr'><strong>sevo</strong></span> <span class='ocrx_word' id='word_1_85' title='bbox 1581 1823 1777 1909; x_wconf 79' lang='lat' dir='ltr'><strong>plura</strong></span> <span class='ocrx_word' id='word_1_86' title='bbox 1804 1823 1890 1888; x_wconf 87' lang='lat' dir='ltr'><strong>de</strong></span> <span class='ocrx_word' id='word_1_87' title='bbox 1914 1823 2113 1889; x_wconf 87' lang='lat' dir='ltr'><strong>bonis</strong></span> <span class='ocrx_word' id='word_1_88' title='bbox 2141 1824 2311 1890; x_wconf 78' lang='lat' dir='ltr'><strong>falsa</strong></span> <span class='ocrx_word' id='word_1_89' title='bbox 2350 1821 2422 1888; x_wconf 88' lang='lat' dir='ltr'><strong>in</strong></span> <span class='ocrx_word' id='word_1_90' title='bbox 2465 1820 2769 1889; x_wconf 81' lang='lat' dir='ltr'><strong>deterius</strong></span> 
     </span>
     <span class='ocr_line' id='line_1_15' title="bbox 540 1923 1231 2011; baseline -0.006 -18"><span class='ocrx_word' id='word_1_91' title='bbox 540 1927 942 2011; x_wconf 81' lang='lat' dir='ltr'><strong>composuit.</strong></span> <span class='ocrx_word' id='word_1_92' title='bbox 1034 1923 1231 1990; x_wconf 84' lang='lat' dir='ltr'><strong>Idem.</strong></span> 
     </span>
    </p>

    <p class='ocr_par' dir='ltr' id='par_1_10' title="bbox 628 2026 2026 2113">
     <span class='ocr_line' id='line_1_16' title="bbox 628 2026 2026 2113; baseline 0.002 -21"><span class='ocrx_word' id='word_1_93' title='bbox 628 2026 830 2093; x_wconf 82' lang='lat' dir='ltr'><strong>Cultu</strong></span> <span class='ocrx_word' id='word_1_94' title='bbox 860 2028 1161 2112; x_wconf 85' lang='lat' dir='ltr'><strong>corporis</strong></span> <span class='ocrx_word' id='word_1_95' title='bbox 1191 2034 1424 2096; x_wconf 79' lang='lat' dir='ltr'><strong>ornata</strong></span> <span class='ocrx_word' id='word_1_96' title='bbox 1450 2031 1731 2113; x_wconf 78' lang='lat' dir='ltr'><strong>egregio.</strong></span> <span class='ocrx_word' id='word_1_97' title='bbox 1829 2027 2026 2095; x_wconf 83' lang='lat' dir='ltr'><strong>Idem.</strong></span> 
     </span>
    </p>

    <p class='ocr_par' dir='ltr' id='par_1_11' title="bbox 572 2117 2772 2522">
     <span class='ocr_line' id='line_1_17' title="bbox 572 2117 2772 2218; baseline 0 -25"><span class='ocrx_word' id='word_1_98' title='bbox 572 2143 581 2152; x_wconf 86' lang='lat'>·</span> <span class='ocrx_word' id='word_1_99' title='bbox 631 2125 727 2196; x_wconf 77' lang='lat' dir='ltr'><strong>At</strong></span> <span class='ocrx_word' id='word_1_100' title='bbox 753 2129 1084 2198; x_wconf 86' lang='lat' dir='ltr'><strong>Sertorius</strong></span> <span class='ocrx_word' id='word_1_101' title='bbox 1111 2149 1369 2197; x_wconf 79' lang='lat' dir='ltr'><strong>vacuus</strong></span> <span class='ocrx_word' id='word_1_102' title='bbox 1386 2133 1624 2218; x_wconf 83' lang='lat' dir='ltr'><strong>hyeme</strong></span> <span class='ocrx_word' id='word_1_103' title='bbox 1648 2151 1884 2216; x_wconf 77' lang='lat' dir='ltr'><strong>augere</strong></span> <span class='ocrx_word' id='word_1_104' title='bbox 1911 2133 2168 2216; x_wconf 80' lang='lat' dir='ltr'><strong>copias.</strong></span> <span class='ocrx_word' id='word_1_105' title='bbox 2215 2128 2386 2194; x_wconf 83' lang='lat' dir='ltr'><strong>Acro</strong></span> <span class='ocrx_word' id='word_1_106' title='bbox 2413 2129 2486 2193; x_wconf 75' lang='lat' dir='ltr'><strong>in</strong></span> <span class='ocrx_word' id='word_1_107' title='bbox 2519 2117 2772 2194; x_wconf 78' lang='lat' dir='ltr'><strong>Horae.</strong></span> 
     </span>
     <span class='ocr_line' id='line_1_18' title="bbox 629 2230 2771 2319; baseline 0.001 -23"><span class='ocrx_word' id='word_1_108' title='bbox 629 2231 752 2296; x_wconf 85' lang='lat' dir='ltr'><strong>Sin</strong></span> <span class='ocrx_word' id='word_1_109' title='bbox 778 2234 884 2297; x_wconf 84' lang='lat' dir='ltr'><strong>vis</strong></span> <span class='ocrx_word' id='word_1_110' title='bbox 912 2233 1215 2313; x_wconf 75' lang='lat' dir='ltr'><strong>obsistat,</strong></span> <span class='ocrx_word' id='word_1_111' title='bbox 1246 2235 1417 2300; x_wconf 80' lang='lat' dir='ltr'><strong>ferro</strong></span> <span class='ocrx_word' id='word_1_112' title='bbox 1463 2253 1665 2319; x_wconf 82' lang='lat' dir='ltr'><strong>quam</strong></span> <span class='ocrx_word' id='word_1_113' title='bbox 1691 2233 1866 2298; x_wconf 82' lang='lat' dir='ltr'><strong>same</strong></span> <span class='ocrx_word' id='word_1_114' title='bbox 1896 2233 2156 2318; x_wconf 78' lang='lat' dir='ltr'><strong>aequins</strong></span> <span class='ocrx_word' id='word_1_115' title='bbox 2183 2233 2534 2317; x_wconf 83' lang='lat' dir='ltr'><strong>perituros.</strong></span> <span class='ocrx_word' id='word_1_116' title='bbox 2580 2230 2771 2298; x_wconf 78' lang='lat' dir='ltr'><strong>Serv.</strong></span> 
     </span>
     <span class='ocr_line' id='line_1_19' title="bbox 630 2331 2379 2421; baseline -0.001 -21"><span class='ocrx_word' id='word_1_117' title='bbox 630 2332 949 2400; x_wconf 77' lang='lat' dir='ltr'><strong>Consedit</strong></span> <span class='ocrx_word' id='word_1_118' title='bbox 974 2337 1045 2401; x_wconf 89' lang='lat' dir='ltr'><strong>in</strong></span> <span class='ocrx_word' id='word_1_119' title='bbox 1064 2337 1239 2401; x_wconf 80' lang='lat' dir='ltr'><strong>valle</strong></span> <span class='ocrx_word' id='word_1_120' title='bbox 1266 2337 1556 2419; x_wconf 79' lang='lat' dir='ltr'><strong>virgulta</strong></span> <span class='ocrx_word' id='word_1_121' title='bbox 1581 2354 2085 2421; x_wconf 80' lang='lat' dir='ltr'><strong>nemorosaque.</strong></span> <span class='ocrx_word' id='word_1_122' title='bbox 2178 2331 2379 2399; x_wconf 80' lang='lat' dir='ltr'><strong>Idem.</strong></span> 
     </span>
     <span class='ocr_line' id='line_1_20' title="bbox 629 2434 2015 2522; baseline -0.002 -20"><span class='ocrx_word' id='word_1_123' title='bbox 629 2435 1011 2503; x_wconf 79' lang='lat' dir='ltr'><strong>Paululum</strong></span> <span class='ocrx_word' id='word_1_124' title='bbox 1028 2440 1340 2522; x_wconf 78' lang='lat' dir='ltr'><strong>requietis</strong></span> <span class='ocrx_word' id='word_1_125' title='bbox 1384 2438 1731 2503; x_wconf 78' lang='lat' dir='ltr'><strong>militibus.</strong></span> <span class='ocrx_word' id='word_1_126' title='bbox 1823 2434 2015 2502; x_wconf 86' lang='lat' dir='ltr'><strong>Idem.</strong></span> 
     </span>
    </p>

    <p class='ocr_par' dir='ltr' id='par_1_12' title="bbox 630 2536 2205 2624">
     <span class='ocr_line' id='line_1_21' title="bbox 630 2536 2205 2624; baseline 0.003 -22"><span class='ocrx_word' id='word_1_127' title='bbox 630 2536 772 2618; x_wconf 85' lang='lat' dir='ltr'><strong>Qui</strong></span> <span class='ocrx_word' id='word_1_128' title='bbox 819 2541 999 2605; x_wconf 89' lang='lat' dir='ltr'><strong>nullo</strong></span> <span class='ocrx_word' id='word_1_129' title='bbox 1036 2548 1220 2607; x_wconf 86' lang='lat' dir='ltr'><strong>certo</strong></span> <span class='ocrx_word' id='word_1_130' title='bbox 1251 2541 1460 2607; x_wconf 82' lang='lat' dir='ltr'><strong>exilio</strong></span> <span class='ocrx_word' id='word_1_131' title='bbox 1490 2540 1924 2624; x_wconf 72' lang='lat' dir='ltr'><strong>vagabantur.</strong></span> <span class='ocrx_word' id='word_1_132' title='bbox 2011 2536 2205 2607; x_wconf 84' lang='lat' dir='ltr'><strong>Idem.</strong></span> 
     </span>
    </p>

    <p class='ocr_par' dir='ltr' id='par_1_13' title="bbox 630 2640 1794 2709">
     <span class='ocr_line' id='line_1_22' title="bbox 630 2640 1794 2709; baseline 0.001 -1"><span class='ocrx_word' id='word_1_133' title='bbox 630 2640 872 2708; x_wconf 87' lang='lat' dir='ltr'><strong>Nubes</strong></span> <span class='ocrx_word' id='word_1_134' title='bbox 898 2643 1238 2709; x_wconf 79' lang='lat' dir='ltr'><strong>foedavere</strong></span> <span class='ocrx_word' id='word_1_135' title='bbox 1265 2645 1507 2709; x_wconf 87' lang='lat' dir='ltr'><strong>lumen.</strong></span> <span class='ocrx_word' id='word_1_136' title='bbox 1598 2640 1794 2709; x_wconf 68' lang='lat' dir='ltr'><strong>Idm.</strong></span> 
     </span>
    </p>

    <p class='ocr_par' dir='ltr' id='par_1_14' title="bbox 544 2743 1401 2916">
     <span class='ocr_line' id='line_1_23' title="bbox 631 2743 1401 2813; baseline 0.005 -4"><span class='ocrx_word' id='word_1_137' title='bbox 631 2744 921 2812; x_wconf 80' lang='lat' dir='ltr'><strong>Sanctus</strong></span> <span class='ocrx_word' id='word_1_138' title='bbox 952 2745 1106 2811; x_wconf 78' lang='lat' dir='ltr'><strong>ulia.</strong></span> <span class='ocrx_word' id='word_1_139' title='bbox 1198 2743 1401 2813; x_wconf 84' lang='lat' dir='ltr'><strong>Idem.</strong></span> 
     </span>
     <span class='ocr_line' id='line_1_24' title="bbox 544 2843 1232 2916; baseline 0.001 -1"><span class='ocrx_word' id='word_1_140' title='bbox 544 2870 559 2880; x_wconf 87' lang='lat'><strong>·</strong></span> <span class='ocrx_word' id='word_1_141' title='bbox 629 2845 943 2916; x_wconf 84' lang='lat' dir='ltr'><strong>Geronis.</strong></span> <span class='ocrx_word' id='word_1_142' title='bbox 1035 2843 1232 2916; x_wconf 88' lang='lat' dir='ltr'><strong>Idem.</strong></span> 
     </span>
    </p>

    <p class='ocr_par' dir='ltr' id='par_1_15' title="bbox 630 2949 2177 3031">
     <span class='ocr_line' id='line_1_25' title="bbox 630 2949 2177 3031; baseline -0.001 -14"><span class='ocrx_word' id='word_1_143' title='bbox 630 2949 811 3031; x_wconf 77' lang='lat' dir='ltr'><strong>Quae</strong></span> <span class='ocrx_word' id='word_1_144' title='bbox 840 2971 1046 3017; x_wconf 81' lang='lat' dir='ltr'><strong>causa</strong></span> <span class='ocrx_word' id='word_1_145' title='bbox 1071 2952 1284 3019; x_wconf 80' lang='lat' dir='ltr'><strong>fuerat</strong></span> <span class='ocrx_word' id='word_1_146' title='bbox 1310 2953 1640 3020; x_wconf 80' lang='lat' dir='ltr'><strong>novandis</strong></span> <span class='ocrx_word' id='word_1_147' title='bbox 1666 2953 1891 3018; x_wconf 86' lang='lat' dir='ltr'><strong>rebus.</strong></span> <span class='ocrx_word' id='word_1_148' title='bbox 1981 2949 2177 3019; x_wconf 88' lang='lat' dir='ltr'><strong>Idem.</strong></span> 
     </span>
    </p>

    <p class='ocr_par' dir='ltr' id='par_1_16' title="bbox 631 3052 2210 3141">
     <span class='ocr_line' id='line_1_26' title="bbox 631 3052 2210 3141; baseline -0.001 -23"><span class='ocrx_word' id='word_1_149' title='bbox 631 3052 963 3120; x_wconf 78' lang='lat' dir='ltr'><strong>Radicem</strong></span> <span class='ocrx_word' id='word_1_150' title='bbox 989 3056 1236 3120; x_wconf 88' lang='lat' dir='ltr'><strong>montis</strong></span> <span class='ocrx_word' id='word_1_151' title='bbox 1263 3058 1581 3122; x_wconf 84' lang='lat' dir='ltr'><strong>excessit.</strong></span> <span class='ocrx_word' id='word_1_152' title='bbox 1672 3052 2210 3141; x_wconf 72' lang='lat' dir='ltr'><strong>Statii-interpres.</strong></span> 
     </span>
    </p>

    <p class='ocr_par' dir='ltr' id='par_1_17' title="bbox 544 3154 2775 3325">
     <span class='ocr_line' id='line_1_27' title="bbox 630 3154 2775 3254; baseline 0.002 -34"><span class='ocrx_word' id='word_1_153' title='bbox 630 3154 727 3220; x_wconf 85' lang='lat' dir='ltr'><strong>Ut</strong></span> <span class='ocrx_word' id='word_1_154' title='bbox 752 3173 857 3254; x_wconf 75' lang='lat' dir='ltr'><strong>res</strong></span> <span class='ocrx_word' id='word_1_155' title='bbox 882 3157 1096 3241; x_wconf 79' lang='lat' dir='ltr'><strong>magis</strong></span> <span class='ocrx_word' id='word_1_156' title='bbox 1125 3175 1329 3241; x_wconf 80' lang='lat' dir='ltr'><strong>quam</strong></span> <span class='ocrx_word' id='word_1_157' title='bbox 1356 3160 1563 3225; x_wconf 82' lang='lat' dir='ltr'><strong>verba</strong></span> <span class='ocrx_word' id='word_1_158' title='bbox 1609 3164 1992 3243; x_wconf 74' lang='lat' dir='ltr'><strong>gererentm,</strong></span> <span class='ocrx_word' id='word_1_159' title='bbox 2034 3157 2281 3224; x_wconf 88' lang='lat' dir='ltr'><strong>liberos</strong></span> <span class='ocrx_word' id='word_1_160' title='bbox 2309 3161 2775 3243; x_wconf 72' lang='lat' dir='ltr'><strong>parentesque</strong></span> 
     </span>
     <span class='ocr_line' id='line_1_28' title="bbox 544 3251 1573 3325; baseline 0.003 -4"><span class='ocrx_word' id='word_1_161' title='bbox 544 3251 610 3322; x_wconf 87' lang='lat' dir='ltr'><strong>in</strong></span> <span class='ocrx_word' id='word_1_162' title='bbox 634 3258 846 3322; x_wconf 87' lang='lat' dir='ltr'><strong>muris</strong></span> <span class='ocrx_word' id='word_1_163' title='bbox 873 3259 1278 3325; x_wconf 77' lang='lat' dir='ltr'><strong>locaverant.</strong></span> <span class='ocrx_word' id='word_1_164' title='bbox 1372 3257 1573 3325; x_wconf 86' lang='lat' dir='ltr'><strong>Idem.</strong></span> 
     </span>
    </p>

    <p class='ocr_par' dir='ltr' id='par_1_18' title="bbox 630 3357 2115 3449">
     <span class='ocr_line' id='line_1_29' title="bbox 630 3357 2115 3449; baseline 0.003 -26"><span class='ocrx_word' id='word_1_165' title='bbox 630 3357 893 3425; x_wconf 79' lang='lat' dir='ltr'><strong>Incerta</strong></span> <span class='ocrx_word' id='word_1_166' title='bbox 918 3366 1023 3425; x_wconf 87' lang='lat' dir='ltr'><strong>est</strong></span> <span class='ocrx_word' id='word_1_167' title='bbox 1047 3358 1358 3428; x_wconf 83' lang='lat' dir='ltr'><strong>fortitudo</strong></span> <span class='ocrx_word' id='word_1_168' title='bbox 1383 3361 1539 3429; x_wconf 85' lang='lat' dir='ltr'><strong>dum</strong></span> <span class='ocrx_word' id='word_1_169' title='bbox 1563 3362 1827 3449; x_wconf 80' lang='lat' dir='ltr'><strong>pendet.</strong></span> <span class='ocrx_word' id='word_1_170' title='bbox 1917 3359 2115 3428; x_wconf 84' lang='lat' dir='ltr'><strong>Idem.</strong></span> 
     </span>
    </p>

    <p class='ocr_par' dir='ltr' id='par_1_19' title="bbox 631 3459 2364 3549">
     <span class='ocr_line' id='line_1_30' title="bbox 631 3459 2364 3549; baseline 0.001 -23"><span class='ocrx_word' id='word_1_171' title='bbox 631 3459 714 3526; x_wconf 87' lang='lat' dir='ltr'><strong>In</strong></span> <span class='ocrx_word' id='word_1_172' title='bbox 745 3462 989 3547; x_wconf 88' lang='lat' dir='ltr'><strong>quibus</strong></span> <span class='ocrx_word' id='word_1_173' title='bbox 1012 3464 1316 3549; x_wconf 76' lang='lat' dir='ltr'><strong>plaustra</strong></span> <span class='ocrx_word' id='word_1_174' title='bbox 1335 3465 1532 3532; x_wconf 85' lang='lat' dir='ltr'><strong>sedes</strong></span> <span class='ocrx_word' id='word_1_175' title='bbox 1560 3472 1733 3533; x_wconf 85' lang='lat' dir='ltr'><strong>sunt.</strong></span> <span class='ocrx_word' id='word_1_176' title='bbox 1820 3465 1988 3530; x_wconf 82' lang='lat' dir='ltr'><strong>Acro</strong></span> <span class='ocrx_word' id='word_1_177' title='bbox 2018 3463 2106 3529; x_wconf 85' lang='lat' dir='ltr'><strong>ad</strong></span> <span class='ocrx_word' id='word_1_178' title='bbox 2128 3463 2364 3530; x_wconf 78' lang='lat' dir='ltr'><strong>Horat.</strong></span> 
     </span>
    </p>

    <p class='ocr_par' dir='ltr' id='par_1_20' title="bbox 600 3562 2779 3758">
     <span class='ocr_line' id='line_1_31' title="bbox 600 3562 1418 3648; baseline 0.007 -20"><span class='ocrx_word' id='word_1_179' title='bbox 600 3595 603 3602; x_wconf 93' lang='lat'>·</span> <span class='ocrx_word' id='word_1_180' title='bbox 633 3562 830 3629; x_wconf 78' lang='lat' dir='ltr'><strong>Luxo</strong></span> <span class='ocrx_word' id='word_1_181' title='bbox 859 3566 1052 3648; x_wconf 83' lang='lat' dir='ltr'><strong>pede.</strong></span> <span class='ocrx_word' id='word_1_182' title='bbox 1146 3563 1418 3636; x_wconf 69' lang='lat' dir='ltr'><strong>Probus.</strong></span> 
     </span>
     <span class='ocr_line' id='line_1_32' title="bbox 635 3663 2779 3758; baseline 0.004 -29"><span class='ocrx_word' id='word_1_183' title='bbox 635 3663 993 3752; x_wconf 75' lang='lat' dir='ltr'><strong>Maurique</strong></span> <span class='ocrx_word' id='word_1_184' title='bbox 1048 3687 1292 3736; x_wconf 80' lang='lat' dir='ltr'><strong>vanum</strong></span> <span class='ocrx_word' id='word_1_185' title='bbox 1343 3693 1572 3758; x_wconf 78' lang='lat' dir='ltr'><strong>genus,</strong></span> <span class='ocrx_word' id='word_1_186' title='bbox 1637 3680 1713 3740; x_wconf 89' lang='lat' dir='ltr'><strong>ut</strong></span> <span class='ocrx_word' id='word_1_187' title='bbox 1758 3673 1894 3739; x_wconf 75' lang='lat' dir='ltr'><strong>aliu</strong></span> <span class='ocrx_word' id='word_1_188' title='bbox 1945 3671 2218 3750; x_wconf 76' lang='lat' dir='ltr'><strong>Africae,</strong></span> <span class='ocrx_word' id='word_1_189' title='bbox 2277 3670 2779 3738; x_wconf 71' lang='lat' dir='ltr'><strong>contendebant</strong></span> 
     </span>
    </p>
   </div>
   <div class='ocr_carea' id='block_1_3' title="bbox 544 3765 2778 3958">
    <p class='ocr_par' dir='ltr' id='par_1_21' title="bbox 544 3765 2778 3958">
     <span class='ocr_line' id='line_1_33' title="bbox 546 3765 2778 3863; baseline 0.003 -29"><span class='ocrx_word' id='word_1_190' title='bbox 546 3765 927 3854; x_wconf 80' lang='lat' dir='ltr'><strong>Antipodas</strong></span> <span class='ocrx_word' id='word_1_191' title='bbox 958 3770 1128 3837; x_wconf 81' lang='lat' dir='ltr'><strong>ultra</strong></span> <span class='ocrx_word' id='word_1_192' title='bbox 1155 3773 1569 3863; x_wconf 78' lang='lat' dir='ltr'><strong>AEthiopiam</strong></span> <span class='ocrx_word' id='word_1_193' title='bbox 1597 3776 1780 3843; x_wconf 87' lang='lat' dir='ltr'><strong>cultu</strong></span> <span class='ocrx_word' id='word_1_194' title='bbox 1831 3774 2182 3841; x_wconf 75' lang='lat' dir='ltr'><strong>Persarum</strong></span> <span class='ocrx_word' id='word_1_195' title='bbox 2211 3773 2438 3859; x_wconf 87' lang='lat' dir='ltr'><strong>justos</strong></span> <span class='ocrx_word' id='word_1_196' title='bbox 2482 3777 2556 3839; x_wconf 83' lang='lat' dir='ltr'><strong>et</strong></span> <span class='ocrx_word' id='word_1_197' title='bbox 2582 3794 2778 3858; x_wconf 81' lang='lat' dir='ltr'><strong>egoe·</strong></span> 
     </span>
     <span class='ocr_line' id='line_1_34' title="bbox 544 3869 1241 3958; baseline 0.006 -22"><span class='ocrx_word' id='word_1_198' title='bbox 544 3871 694 3958; x_wconf 76' lang='lat' dir='ltr'><strong>gios</strong></span> <span class='ocrx_word' id='word_1_199' title='bbox 722 3890 939 3955; x_wconf 81' lang='lat' dir='ltr'><strong>agere.</strong></span> <span class='ocrx_word' id='word_1_200' title='bbox 1036 3869 1241 3940; x_wconf 76' lang='lat' dir='ltr'><strong>Prisc.</strong></span> 
     </span>
    </p>
   </div>
   <div class='ocr_carea' id='block_1_4' title="bbox 550 3972 2778 4140">
    <p class='ocr_par' dir='ltr' id='par_1_22' title="bbox 550 3972 2778 4140">
     <span class='ocr_line' id='line_1_35' title="bbox 550 3972 2778 4138; baseline 0.004 -101"><span class='ocrx_word' id='word_1_201' title='bbox 550 3972 723 4138; x_wconf 82' lang='lat' dir='ltr'><strong>HEt</strong></span> <span class='ocrx_word' id='word_1_202' title='bbox 749 3972 1172 4060; x_wconf 82' lang='lat' dir='ltr'><strong>Perpennam</strong></span> <span class='ocrx_word' id='word_1_203' title='bbox 1198 3977 1370 4044; x_wconf 88' lang='lat' dir='ltr'><strong>forte</strong></span> <span class='ocrx_word' id='word_1_204' title='bbox 1391 3982 1737 4064; x_wconf 84' lang='lat' dir='ltr'><strong>cognoscit</strong></span> <span class='ocrx_word' id='word_1_205' title='bbox 1760 3981 1962 4046; x_wconf 90' lang='lat' dir='ltr'><strong>mulio</strong></span> <span class='ocrx_word' id='word_1_206' title='bbox 1990 3977 2396 4046; x_wconf 82' lang='lat' dir='ltr'><strong>redemtoris.</strong></span> <span class='ocrx_word' id='word_1_207' title='bbox 2485 3977 2679 4044; x_wconf 76' lang='lat' dir='ltr'><strong>Acro</strong></span> <span class='ocrx_word' id='word_1_208' title='bbox 2710 3980 2778 4044; x_wconf 72' lang='lat' dir='ltr'><strong>in</strong></span> 
     </span>
     <span class='ocr_line' id='line_1_36' title="bbox 628 4086 789 4140; baseline 0.012 -2"><span class='ocrx_word' id='word_1_209' title='bbox 628 4086 789 4140; x_wconf 79' lang='lat' dir='ltr'><strong>orae.</strong></span> 
     </span>
    </p>
   </div>
   <div class='ocr_carea' id='block_1_5' title="bbox 486 4176 2776 4372">
    <p class='ocr_par' dir='ltr' id='par_1_23' title="bbox 486 4176 2776 4372">
     <span class='ocr_line' id='line_1_37' title="bbox 486 4176 2776 4269; baseline 0.003 -25"><span class='ocrx_word' id='word_1_210' title='bbox 486 4239 493 4244; x_wconf 88' lang='lat'><strong>.</strong></span> <span class='ocrx_word' id='word_1_211' title='bbox 634 4176 947 4244; x_wconf 86' lang='lat' dir='ltr'><strong>Omnium</strong></span> <span class='ocrx_word' id='word_1_212' title='bbox 975 4180 1317 4246; x_wconf 88' lang='lat' dir='ltr'><strong>fluminum</strong></span> <span class='ocrx_word' id='word_1_213' title='bbox 1345 4197 1502 4267; x_wconf 80' lang='lat' dir='ltr'><strong>quae</strong></span> <span class='ocrx_word' id='word_1_214' title='bbox 1533 4183 1603 4249; x_wconf 90' lang='lat' dir='ltr'><strong>in</strong></span> <span class='ocrx_word' id='word_1_215' title='bbox 1649 4185 1882 4264; x_wconf 74' lang='lat' dir='ltr'><strong>maria,</strong></span> <span class='ocrx_word' id='word_1_216' title='bbox 1934 4202 2090 4269; x_wconf 79' lang='lat' dir='ltr'><strong>qnae</strong></span> <span class='ocrx_word' id='word_1_217' title='bbox 2119 4182 2473 4268; x_wconf 87' lang='lat' dir='ltr'><strong>imperium</strong></span> <span class='ocrx_word' id='word_1_218' title='bbox 2503 4180 2776 4251; x_wconf 80' lang='lat' dir='ltr'><strong>Rorna-</strong></span> 
     </span>
     <span class='ocr_line' id='line_1_38' title="bbox 546 4282 2773 4372; baseline 0.006 -31"><span class='ocrx_word' id='word_1_219' title='bbox 546 4296 706 4342; x_wconf 82' lang='lat' dir='ltr'><strong>num</strong></span> <span class='ocrx_word' id='word_1_220' title='bbox 746 4283 875 4366; x_wconf 78' lang='lat' dir='ltr'><strong>cst,</strong></span> <span class='ocrx_word' id='word_1_221' title='bbox 908 4282 1139 4365; x_wconf 84' lang='lat' dir='ltr'><strong>fluunt,</strong></span> <span class='ocrx_word' id='word_1_222' title='bbox 1196 4303 1395 4371; x_wconf 81' lang='lat' dir='ltr'><strong>quam</strong></span> <span class='ocrx_word' id='word_1_223' title='bbox 1437 4283 1668 4355; x_wconf 77' lang='lat' dir='ltr'><strong>Graeci</strong></span> <span class='ocrx_word' id='word_1_224' title='bbox 1722 4289 1821 4367; x_wconf 73' lang='grc' dir='ltr'><strong>τὴν</strong></span> <span class='ocrx_word' id='word_1_225' title='bbox 1864 4283 1999 4353; x_wconf 71' lang='grc' dir='ltr'><strong>εἴσω</strong></span> <span class='ocrx_word' id='word_1_226' title='bbox 2041 4286 2360 4353; x_wconf 68' lang='grc' dir='ltr'><strong>θάλασσαν</strong></span> <span class='ocrx_word' id='word_1_227' title='bbox 2387 4285 2773 4372; x_wconf 69' lang='lat' dir='ltr'><strong>appellant,</strong></span> 
     </span>
    </p>
   </div>
  </div>
 </body>
</html>
