2984 4892
470 420 613 474 m

538 564 778 615 Occasu:
818 563 1016 628 pariter
1052 576 1169 613 cum
1209 578 1396 614 occasu
1413 564 1537 614 solis

469 629 505 682 J
525 634 590 679 68
623 638 676 678 et
698 631 729 681 J
757 634 817 679 91
857 645 1019 694 prope
1028 628 1136 693 jam
1159 630 1227 679 ab
1248 644 1434 679 occasu
1456 645 1536 680 re·

470 694 703 746 stitueris
730 696 797 754 vi,
824 700 889 744 60

538 759 831 822 Οοοωρετι·
869 759 1135 809 secordias
1174 759 1249 808 ire
1285 758 1327 808 P
1366 764 1482 820 809,
1505 762 1535 808 B

539 825 898 875 occidendum
938 839 1040 873 una
1081 824 1226 874 nobis
1257 838 1367 873 esse
1399 824 1432 875 J
1475 829 1534 873 14

473 889 592 953 capi
615 889 783 939 occidi
806 891 836 942 J
864 894 926 939 87
983 890 1109 938 satis
1131 889 1344 953 impigre
1367 890 1535 939 occiso

474 953 653 1018 pedite
682 963 853 1004 nostro
875 954 906 1004 J
938 959 1026 1002 101

537 1019 762 1069 Occulta
787 1022 896 1068 loca
919 1020 950 1070 J
978 1023 1043 1068 56
1079 1019 1285 1068 occulta
1307 1017 1537 1083 pectoris

473 1082 829 1134 immutatione
853 1083 1160 1147 pate-fecisse
1181 1085 1212 1135 J
1238 1088 1330 1133 113
1364 1085 1536 1134 Tacit.

471 1147 510 1199 i.
552 1150 816 1212 praemisso
857 1149 1060 1198 Caeeina
1102 1158 1159 1198 ut
1197 1150 1404 1199 occulta
1435 1150 1536 1199 sal-

472 1217 620 1263 tuum
642 1221 976 1264 scrutaretur.
1019 1214 1118 1264 heu
1147 1229 1298 1278 qnam
1326 1217 1537 1264 occulta

472 1278 662 1328 civium
687 1278 869 1329 funera
893 1280 933 1327 F
957 1283 1070 1338 343,
1093 1283 1153 1328 31
1204 1279 1255 1327 in
1280 1282 1534 1329 occultam

471 1340 646 1406 fugam
670 1344 836 1407 sparsi
859 1344 899 1393 F
921 1349 1038 1404 396,
1076 1347 1108 1391 4
1175 1344 1459 1407 gurgitibus
1493 1346 1537 1393 F

473 1411 590 1472 830,
613 1413 675 1458 35
711 1424 778 1458 ex
802 1410 1004 1458 occulto
1027 1408 1222 1457 invadit
1243 1410 1275 1460 J
1297 1415 1363 1458 59
1397 1410 1535 1460 Plin.

467 1472 545 1524 ix.
565 1477 651 1523 42.
686 1474 727 1522 1⁴¹
750 1478 865 1535 338,
887 1481 916 1522 5
969 1474 1240 1523 Pastinuca
1263 1475 1536 1525 latrocina-

470 1542 557 1586 tur
592 1552 657 1587 ex
693 1539 915 1589 occulto.
959 1539 1166 1588 occulto
1190 1537 1458 1590 fabricata
1492 1539 1536 1589 F

471 1605 589 1660 817,
606 1606 667 1652 13
726 1618 819 1666 per
844 1604 1077 1654 tramites
1099 1604 1133 1654 J
1154 1606 1220 1651 48
1276 1606 1379 1653 tale
1405 1605 1540 1668 peri·

472 1667 644 1717 mlum
659 1668 796 1717 haud
814 1669 1074 1719 occultum
1091 1667 1270 1719 babuit
1291 1669 1335 1718 C
1351 1673 1415 1719 23
1450 1684 1539 1720 ne-

470 1732 600 1781 mini
615 1739 696 1782 est
710 1734 742 1784 J
759 1737 822 1783 24
860 1743 916 1783 ut
933 1734 997 1782 ad
1011 1747 1065 1783 se
1083 1732 1409 1798 colloquendi
1423 1748 1537 1797 gra-

471 1796 547 1847 tia
580 1800 815 1848 occultus
846 1800 1021 1849 veniat
1058 1799 1093 1850 J
1135 1802 1195 1847 61
1268 1799 1536 1850 occultans

473 1876 589 1912 sese
626 1861 661 1913 J
705 1868 766 1913 13
818 1865 945 1914 vitia
983 1879 1073 1914 sua
1108 1863 1293 1914 callide
1326 1865 1360 1915 J
1389 1869 1446 1914 15
1483 1871 1539 1914 et

474 1925 517 1976 C
533 1931 597 1977 23
618 1928 764 1990 signa
776 1929 1040 1978 occultare
1058 1929 1092 1980 J
1108 1932 1173 1978 68
1197 1943 1365 1993 neque
1381 1931 1537 1992 plane

472 1992 724 2042 occultati
746 1994 1035 2043 humilitate
1052 1995 1291 2044 arborum
1309 1995 1343 2045 J
1360 1999 1428 2043 49
1460 1996 1537 2046 iu-

472 2065 630 2120 cepto
647 2072 740 2107 suo
756 2058 786 2109 J
806 2063 872 2108 90
926 2059 1122 2109 circum
1145 2074 1200 2109 se
1221 2059 1464 2122 praesidia
1484 2075 1537 2110 a·

470 2121 720 2171 micorum
753 2124 958 2173 occulte
989 2123 1217 2174 habebat
1240 2124 1283 2174 C
1305 2128 1370 2174 26
1421 2141 1537 2188 quae

471 2186 675 2236 occulte
717 2193 1009 2238 tentaverat
1053 2203 1256 2253 aspera,
1298 2187 1538 2255 foedaque

470 2259 755 2302 evenerant
771 2253 814 2302 C
837 2257 901 2302 36
945 2252 1276 2304 insidiatores
1291 2254 1539 2305 Massivae

478 2322 634 2380 paret
649 2330 709 2367 ac
727 2317 949 2367 maxime
970 2319 1174 2369 occulte
1206 2319 1241 2370 J
1265 2323 1327 2369 35
1379 2319 1539 2370 delic-

469 2386 526 2455 ta
563 2382 851 2457 occultiora
870 2380 985 2432 fore
1006 2383 1041 2435 J
1067 2386 1131 2433 38
1227 2399 1346 2433 nam
1369 2386 1542 2435 occul·

468 2451 671 2558 {mlx
703 2446 1539 2576 iiffisspiiasswcssfflm

535 2572 813 2638 Occupata
921 2591 944 2623 r
986 2577 1157 2627 scelus
1194 2576 1538 2642 periculosius

467 2634 801 2716 dimissurum
825 2589 1051 2705 ³3⁷6,ss
1083 2656 1252 2707 neque
1269 2657 1454 2696 wsma
1495 2645 1506 2655 '

471 2710 749 2766 occupatio
771 2720 924 2770 quam
944 2707 1170 2771 superba
1189 2707 1407 2771 imperia
1476 2709 1539 2758 is·

471 2767 675 2819 tinum-e
717 2769 758 2819 F
796 2773 911 2832 358,
948 2776 982 2822 6
1047 2786 1187 2822 curae
1210 2772 1353 2822 illum
1378 2780 1538 2838 atque

471 2832 655 2883 latitia
677 2833 859 2898 ingens
882 2836 925 2886 C
945 2840 1012 2886 46
1056 2837 1242 2901 Remp.
1265 2838 1299 2888 J
1323 2841 1384 2886 31
1427 2839 1538 2902 ple-

470 2895 551 2948 bis
589 2899 813 2949 innoxias
852 2902 1044 2964 patrias
1079 2902 1231 2951 sedes
1255 2902 1298 2951 P
1319 2906 1440 2966 376,
1474 2907 1536 2953 14

470 2963 755 3029 exercitus,
779 2966 1038 3026 aerarium,
1061 2969 1163 3017 διο.
1187 2968 1229 3016 F
1252 2970 1368 3031 301,
1384 2972 1418 3017 6
1450 2982 1538 3019 ne-

469 3027 716 3144 scigggtae
742 3030 1028 3145 tortpedodF
1049 3035 1165 3108 807,
1187 3035 1284 3147 13⁸
1300 3097 1369 3147 au

654 3109 807 3145 ursan
836 3110 924 3148 es:
1004 3111 1203 3147 omnen
1370 3112 1428 3148 os
1451 3113 1539 3149 oc-

467 3166 742 3210 cursantes
775 3160 1072 3221 interficere
1092 3161 1128 3213 J
1153 3166 1216 3212 13

536 3222 739 3274 Oceani
762 3231 818 3276 et
838 3225 1002 3276 nostri
1025 3225 1180 3277 maris
1199 3227 1234 3279 J
1260 3230 1320 3276 17
1373 3227 1428 3277 in
1461 3228 1538 3280 O-

469 3287 621 3336 ceeni
661 3289 938 3355 longinqua
976 3289 1007 3339 f
1069 3307 1151 3341 am
1194 3291 1469 3357 agitavisse
1493 3294 1537 3344 F

468 3353 584 3415 831,
605 3355 670 3402 26
703 3354 844 3404 intra
864 3356 899 3407 J
925 3359 988 3405 18
1051 3356 1293 3406 usitatius
1317 3357 1374 3406 in
1409 3372 1537 3407 nen·

467 3421 567 3466 tro.
601 3432 720 3467 cum
755 3433 895 3468 mare
927 3421 1178 3485 sequitur,
1216 3422 1260 3471 si
1283 3422 1457 3487 Capro
1478 3430 1538 3472 et

467 3479 645 3532 Probo
666 3480 839 3548 fides.)

535 3545 691 3598 Oculi
713 3546 841 3599 foedi
863 3548 907 3599 C
932 3552 992 3599 15
1042 3549 1229 3600 Tibull.
1254 3550 1365 3613 ii,o
1417 3552 1536 3608 Nec

467 3609 710 3677 lacrymis
731 3615 906 3665 oculos
930 3614 1088 3679 digus
1120 3621 1201 3666 est
1234 3613 1436 3666 foedare
1467 3618 1540 3666 lo·

508 3691 679 3738 uaces.
712 3677 857 3731 suedi.
897 3680 994 3729 boc
1031 3679 1085 3730 in
1125 3681 1240 3730 loco
1279 3681 1540 3732 crudeles.

511 3751 683 3794 erent.
706 3745 839 3795 Eun.
863 3760 911 3796 v.
963 3744 1070 3797 Pro
1102 3744 1260 3795 fidem
1282 3746 1437 3796 deum
1460 3745 1538 3796 fa-

467 3804 614 3857 cinus
689 3806 886 3860 foedum
935 3809 1083 3875 Virg.
1139 3817 1297 3862 vocat
1346 3808 1539 3862 famam

467 3870 645 3922 Deum
667 3871 862 3925 foedam
884 3874 993 3925 Cic.
1026 3874 1170 3928 Nihil
1191 3875 1444 3941 miserius,
1461 3877 1538 3928 ni·

465 3934 540 3985 hil
584 3938 859 4003 perditius,
913 3939 1042 3989 nihil
1092 3938 1294 3993 foedins.
1337 3956 1423 4005 ep.
1471 3940 1539 3990 ad

466 3999 639 4052 Attic.
678 4004 793 4067 viii,
833 4008 948 4056 155.
993 4004 1171 4056 Plaut.
1209 4006 1398 4071 Amph.
1448 4004 1542 4056 foe-

471 4064 599 4116 dant
618 4072 675 4117 et
697 4074 975 4134 proterunt
988 4069 1211 4121 bostium
1226 4073 1421 4136 copias.
1456 4086 1541 4120 eo-

468 4129 590 4183 dem
610 4147 764 4183 sensu
786 4148 886 4200 quo
916 4135 1053 4186 oculi
1092 4135 1334 4188 liventes.
1386 4135 1539 4187 Clau-

468 4194 610 4248 dian.
647 4199 881 4264 maligni.
916 4201 1063 4264 virg.
1102 4199 1299 4252 Truces
1335 4199 1541 4252 Seneca

399 4286 414 4302 ι
470 4258 654 4325 OEdip.
676 4263 919 4318 immites.
957 4263 1117 4318 Ovid.
1138 4265 1274 4317 Met.
1298 4266 1351 4318 in
1374 4266 1539 4320 oeulis

468 4322 570 4378 sita
590 4334 729 4395 sunt,
746 4329 962 4395 divitia,
997 4329 1179 4399 decus,
1196 4330 1379 4402 glorie.
1410 4332 1536 4385 cst

1157 415 1182 465 1
1195 416 1237 465 N
1251 413 1406 465 DEX
1451 414 2016 468 GRAMMATICUS

1611 561 1798 613 effosso
1821 564 1861 613 F
1885 567 2002 624 337,
2027 565 2095 611 36

1677 629 1815 678 Odio
1852 642 2059 677 suarum
2092 640 2261 676 rerum
2296 625 2489 675 mutari
2510 623 2687 676 ond·

1610 693 1829 743 student
1850 696 1895 742 C
1917 698 1977 742 87
2014 693 2249 741 incensus
2287 691 2333 741 C
2360 696 2431 741 49
2497 705 2690 742 vacuos

1611 759 1677 808 ab
1714 758 1836 806 odio
1879 759 1922 807 C
1964 762 2029 806 50
2096 758 2161 806 de
2185 758 2333 820 cujus
2354 757 2477 805 odio
2502 765 2689 819 poten-

1610 824 1700 872 tiae
1744 822 2029 873 nobilitatis
2064 823 2098 873 J
2133 826 2200 871 30
2266 837 2333 871 ex
2366 821 2493 870 odio
2516 835 2690 870 arsere

1611 888 1652 937 F
1675 892 1792 949 303,
1815 892 1847 937 8
1913 890 2139 937 etiamne
2161 901 2314 936 aures
2336 896 2540 936 nostras
2562 886 2689 935 odio

1611 960 1703 1003 tuo
1727 953 1966 1002 onerabis
1990 954 2031 1001 F
2054 956 2170 1015 864,
2190 959 2220 1001 5
2276 966 2449 1017 neque
2468 950 2689 1001 studere

1608 1032 1673 1067 ne
1712 1033 1775 1067 ue
1800 1018 1971 1067 odisse
1992 1017 2149 1067 docet
2172 1019 2214 1066 C
2239 1023 2301 1066 51

1675 1034 1855 1133 &dore
1878 1082 2015 1132 foeua
2049 1084 2161 1147 ejus
2201 1081 2364 1131 facies
2405 1079 2692 1146 (Tulliani)

1611 1148 1654 1197 C
1677 1154 1739 1197 65
1792 1149 1975 1198 Celsus
2000 1148 2086 1210 vii,
2105 1152 2170 1196 39
2219 1148 2351 1197 solet
2379 1147 2545 1195 etiam
2566 1159 2691 1195 eve-

1611 1213 1742 1275 nire,
1762 1221 1821 1263 nt
1845 1215 1890 1264 is
1907 1213 2075 1263 infans
2094 1214 2312 1262 humore
2330 1212 2693 1273 distendatur,
2766 1225 2773 1230 ·

1609 1292 1777 1343 exque
1801 1293 1866 1328 eo
1888 1276 2113 1342 profluat
2135 1277 2259 1325 foedi
2286 1276 2462 1326 odoris
2500 1277 2691 1326 nuhs-

1610 1344 1721 1394 Cic.
1733 1344 1789 1407 ii,
1805 1344 1871 1393 de
1896 1345 2049 1393 N.D.
2076 1348 2188 1394 150.
2225 1342 2547 1391 intolerabili
2565 1341 2693 1391 odo·

1611 1410 1681 1458 ris
1725 1407 1969 1460 foeditate
2013 1410 2333 1458 insectantes
2390 1407 2691 1471 depellunt·

1612 1472 1887 1524 Antonium
1909 1483 1965 1525 et
1987 1475 2075 1523 alii
2098 1476 2236 1522 leves
2252 1472 2446 1521 odores
2470 1472 2693 1536 gignun-

1612 1546 1697 1588 tur
1718 1538 1761 1587 P
1780 1543 1896 1600 331,
1917 1545 1946 1588 5
2000 1539 2191 1588 Graece
2228 1537 2371 1600 ἡδεῖς,
2412 1537 2494 1586 bis
2524 1552 2689 1600 oppu-

1611 1611 1803 1654 nuntnr
1837 1618 2022 1667 graves
2063 1605 2225 1666 βαρεῖς
2257 1617 2410 1652 acres
2446 1610 2503 1652 et
2534 1603 2689 1650 vehe-

1610 1676 1828 1718 mentes.
1877 1669 2153 1718 Salmasius
2184 1667 2250 1716 ad
2281 1669 2442 1717 Solin.
2482 1682 2539 1730 p.
2572 1671 2689 1716 860.

1611 1734 1712 1783 nisi
1736 1749 1855 1784 cum
1878 1734 2005 1782 odor
2037 1741 2129 1783 aut
2160 1733 2339 1797 pabuli
2373 1743 2587 1795 egestas
2615 1734 2691 1781 lo-

1612 1813 1732 1848 cum
1752 1806 1951 1848 mutare
1974 1798 2257 1861 subegerat
2278 1797 2311 1848 J
2335 1801 2402 1846 44

1679 1861 1897 1913 Offensa
1933 1864 2098 1913 lenius
2132 1870 2441 1926 streperent
2474 1862 2687 1913 acutas

1609 1932 1675 1978 94
1710 1928 1869 1978 Ovid.
1886 1929 1989 1992 Ep.
2023 1933 2104 1980 13.
2155 1929 2260 1978 Pes
2300 1936 2425 1976 tuus
2458 1925 2690 1977 offensu

1610 1993 1804 2043 limine.
1838 1993 1890 2042 in
1914 2010 2017 2058 quo
2038 1991 2245 2043 offense
2270 1991 2540 2041 minimum
2577 2006 2693 2054 gra-

1610 2059 1686 2109 tia
1731 2073 1824 2121 par
1863 2059 1897 2109 J
1941 2063 2032 2108 103
2088 2057 2240 2108 simul
2271 2063 2329 2107 et
2368 2056 2591 2107 invitam
2630 2063 2691 2106 et

1610 2121 1858 2174 offensam
1879 2123 1912 2174 J
1937 2127 2000 2173 73
2086 2151 2091 2154 -

1677 2185 1886 2238 Offerre
1909 2203 2132 2253 pugnam
2154 2188 2198 2237 F
2221 2192 2337 2251 338,
2361 2192 2425 2237 16

1678 2251 1911 2303 Officere
1932 2253 2156 2304 consiliis
2178 2256 2223 2304 C
2245 2258 2309 2302 37
2359 2268 2429 2302 ne
2450 2251 2579 2317 quid
2604 2266 2691 2300 vo-

1610 2317 1689 2369 bis
1712 2317 1881 2382 possit
1903 2319 1944 2368 F
1961 2322 2078 2380 801,
2099 2322 2160 2368 14
2199 2319 2422 2368 hostium
2448 2317 2627 2368 itineri
2648 2317 2685 2368 J

1610 2387 1673 2433 53
1710 2382 1862 2434 timor
1883 2383 2039 2433 animi
2062 2382 2277 2433 auribus
2298 2384 2343 2433 C
2362 2387 2433 2432 58

1674 2446 1867 2498 Officia
1886 2448 2008 2498 boni
2043 2448 2179 2512 Imp.
2229 2447 2596 2512 exequebatur
2636 2447 2685 2496 C

1610 2517 1676 2562 60
1728 2512 2067 2563 intenderant
2086 2514 2121 2565 J
2145 2518 2211 2563 75
2265 2513 2321 2561 in
2343 2514 2490 2561 varia
2510 2510 2687 2561 offici·

1610 2577 1957 2628 distribuatur
2006 2576 2275 2642 (Senatus)
2348 2579 2389 2626 Ρ
2445 2581 2566 2639 358,
2622 2582 2683 2626 15

1611 2649 1781 2691 surnat
1800 2643 2022 2707 aliquem
2057 2657 2121 2691 ex
2158 2658 2190 2706 p
2265 2643 2351 2691 ulo
2370 2642 2685 2692 monitorem

1611 2704 1771 2757 officii
1796 2708 1875 2756 sui
1895 2707 1929 2759 J
1954 2712 2015 2756 85
2055 2707 2231 2756 servili
2266 2720 2327 2755 us
2350 2707 2617 2757 intentum
2638 2707 2683 2756 C

1608 2776 1641 2820 4
1674 2772 1876 2822 Seneca
1896 2772 1997 2836 Ep.
2019 2775 2102 2821 77.
2152 2771 2230 2822 Ut
2253 2770 2477 2835 ptimnm
2502 2771 2687 2835 jussus

1610 2842 1695 2887 est
1714 2834 1863 2901 fungi
1884 2836 2061 2886 servili
2093 2843 2150 2886 et
2180 2836 2561 2886 contumelioso
2594 2835 2685 2885 mi-

1609 2901 1844 2952 nisterio.
1867 2900 1956 2951 ubi
1979 2902 2083 2951 Ms.
2110 2902 2301 2952 Lacon.
2324 2900 2413 2950 ille
2436 2914 2594 2965 puer,
2627 2909 2685 2950 et

1609 2968 2003 3082 {53312‘232‘1'1’2
2017 2965 2105 3080 ¹2⁸.
2127 2963 2684 3081 ‘'Qqffifffiss

1612 3095 1786 3147 officio
1807 3104 1864 3147 et
1885 3095 1987 3147 fide
2012 3046 2285 3159 pariatur
2304 3096 2340 3146 J
2368 3098 2431 3145 10

1676 3161 1817 3211 Olim
1843 3161 2123 3224 Saturnini,
2142 3168 2278 3226 post,
2292 3159 2539 3223 Sulpicii,
2562 3159 2683 3209 dein

1610 3225 1767 3276 Marii
1789 3227 1832 3275 F
1853 3230 1975 3291 281,
1992 3230 2052 3274 15
2111 3226 2362 3290 praesides
2393 3225 2523 3274 olim
2546 3239 2683 3275 nunc

1612 3290 1848 3341 dominos
1870 3292 1913 3346 Ρ,
1935 3295 2050 3354 801,
2076 3294 2137 3340 10
2516 3323 2523 3332 -
2732 3303 2741 3310 ·

1676 3357 1904 3407 Omine:
1940 3355 2334 3420 pugnamillam
2370 3368 2473 3419 pro
2510 3353 2685 3404 omine

1612 3420 1741 3472 belli
1758 3419 1989 3472 futuram
2010 3421 2052 3470 F
2072 3424 2189 3482 335,
2208 3423 2272 3470 33

1678 3485 1873 3537 Omisit
1894 3500 1994 3536 non
2018 3486 2160 3549 prius
2182 3490 2368 3534 eontra
2381 3498 2569 3534 vernus
2586 3484 2685 3534 niti

1651 3565 1767 3601 uam
1789 3551 1824 3603 J
1847 3555 1910 3602 35
1977 3549 2247 3600 deditione
2280 3549 2478 3599 bellum
2498 3548 2687 3612 incipit

1669 3620 1735 3666 66
1797 3617 1886 3680 qni
1920 3616 2053 3666 hanc
2088 3613 2288 3678 urbem,
2327 3614 2521 3664 omissa
2556 3627 2685 3663 eura

1614 3681 1778 3731 adhuc
1803 3680 1982 3745 regitis
2002 3681 2040 3729 Ε·
2058 3683 2223 3743 280,0
2256 3678 2505 3802 swa
2523 3687 2683 3743 atq-e

1614 3746 1834 3812 deliciis,
1852 3746 1951 3795 sibi
1972 3744 2263 3820 patriaeque
2399 3743 2529 3793 dere
2550 3744 2597 3793 C
2618 3746 2677 3792 81

1613 3811 1850 3875 pecuniae
1886 3817 1944 3861 et
1982 3823 2216 3873 corporis
2253 3807 2456 3872 gaudiis
2495 3808 2538 3857 Ρ
2571 3811 2687 3870 sm,

1616 3879 1677 3926 11
1730 3878 1874 3940 (pro,
1916 3875 2122 3939 penitus
2167 3871 2478 3936 dimittere„
2532 3873 2683 3936 vitg.

1613 3941 1827 3991 omissos
1849 3940 1970 3990 hinc
1995 3939 2106 4003 jam
2144 3937 2451 3988 obliviscere
2476 3937 2685 3987 Graios.

1614 4003 2196 4122 aa...
2214 4002 2685 4119 eur-3:

1613 4086 1726 4121 sum
2162 4101 2179 4118 .
2332 4102 2349 4119 .
2556 4100 2570 4115 .

1610 4151 1834 4201 numque
1857 4141 1948 4188 sut
1967 4141 2027 4185 tu
2041 4132 2237 4183 mederi
2258 4140 2409 4196 potes
2425 4138 2522 4180 aut
2538 4132 2688 4181 onis-

1614 4201 1774 4254 tenda
1816 4207 1899 4252 est
1937 4212 2065 4254 cura
2101 4197 2337 4249 omnibus
2360 4195 2595 4256 Fufi?
2644 4196 2682 4250 J

1614 4271 1711 4322 110
1758 4271 1943 4318 vetere
1964 4263 2177 4318 consilio
2195 4276 2388 4317 norum
2420 4267 2685 4326 qur-res

1610 4332 1736 4390 sto
1783 4324 2687 4397 assuens-tetma-
