2984 4892
956 376 1067 437 ‘a
1101 382 1167 436 σι
1200 376 1630 436 samem,
2296 362 2430 438 w

286 526 720 603 lentennaco.
746 530 951 618 Aegl.
975 538 1047 599 et
1073 530 1256 599 Hstn
1275 536 1471 599 notat
1491 528 2128 620 codicem'Sallustii
2155 527 2428 597 Bellum

212 633 673 705 &amnium
690 643 762 703 et
770 636 1243 721 Jugnrtffinum
1266 635 1712 701 continentem
1731 636 1801 702 in
1820 632 2135 700 biblioth.
2153 633 2424 720 Colleg.

212 742 457 809 Baliol.
506 737 599 808 et
622 743 696 808 in
739 741 881 807 vol.
926 741 1255 806 distincto
1300 740 1627 825 anonymi
1654 739 1986 806 Glossam
2030 755 2238 825 snper
2261 738 2426 823 sala
2477 816 2482 820 ,

213 846 539 913 latium„
764 877 773 883 ·
1555 854 1560 859 ·
2299 842 2304 849 ‘
2359 844 2368 851 ’

278 1066 323 1107 -2
434 1098 441 1103 -
508 1060 732 1131 codex
759 1062 827 1128 in
863 1059 1178 1131 Batiam.
1214 1036 1746 1151 Arbhiepiscopal„
1788 1060 2120 1129 lamecen.
2223 1072 2228 1075 ·
2359 1050 2368 1059 ’

312 1235 749 1305 Bibliotheca
828 1235 1362 1321 Archiepiscopi
1438 1234 1766 1302 Cantuar.
1842 1234 2201 1317 Lambeth,
2244 1234 2430 1301 inter

200 1336 508 1411 Codices
552 1338 732 1406 Mes.
765 1339 1317 1426 quamplurimos
1343 1338 1519 1405 varii
1546 1339 1843 1423 generis,
1872 1337 2212 1425 quosdam
2231 1343 2426 1404 tenet

205 1450 567 1510 auctorum
597 1443 1111 1512 classicorum:
1156 1445 1336 1510 inter
1378 1463 1560 1528 quos
1609 1442 2062 1511 aestimandus
2109 1450 2221 1509 est
2267 1442 2424 1509 Sal-

204 1545 462 1612 lustius
498 1546 587 1613 de
634 1547 840 1614 Bello
877 1547 1284 1615 Catilinario
1333 1555 1407 1613 et
1453 1548 1656 1613 Bello
1687 1547 2129 1632 Jugurthino,
2162 1546 2233 1611 in
2276 1546 2421 1611 4to.

204 1648 390 1723 circa
419 1649 597 1717 Saec.
625 1666 801 1716 xln.
879 1651 1178 1717 Pulchre
1206 1656 1532 1717 exaratur
1558 1657 1633 1716 et
1661 1650 2105 1716 illuminatur.
2199 1647 2421 1713 Mem-

202 1753 398 1819 bran.
431 1753 579 1820 sine
609 1753 918 1835 scholiiS,
952 1761 1027 1820 at
1053 1754 1448 1841 perfectus:
1497 1756 1629 1820 sub
1655 1754 1859 1820 finem
1887 1754 1958 1819 hi
1986 1772 2226 1820 versus
2255 1772 2273 1818 z

529 1905 653 1967 Sex
674 1906 710 1968 J
715 1904 968 1999 ugurtha
995 1903 1122 1966 dies
1148 1912 1494 1985 pereuntem
1526 1923 1761 1966 carcere
1787 1905 1977 1966 Rome

524 2000 866 2081 Spectatum
899 2010 957 2062 te
982 2001 1114 2063 dira
1140 2002 1326 2063 fumes
1356 2003 1640 2064 scelerate
1662 1998 1912 2082 peremit

356 2118 363 2123 ·
404 2114 411 2121 ·
490 2098 605 2193 ’,ψ
631 2096 984 2161 Plutarchus
1012 2098 1096 2160 ait
1119 2099 1212 2161 vir
1239 2099 1345 2181 qui
1372 2098 1790 2162 celeberrimus
1817 2106 2046 2189 auctor.

288 2581 442 2647 Vix
471 2601 758 2648 necesse
803 2576 1120 2650 ducimus
1168 2584 1497 2652 lectorem
1547 2586 1985 2665 submonere,
2017 2603 2105 2649 ne
2139 2601 2295 2667 quse
2333 2583 2419 2649 de

194 2686 522 2753 codicum
569 2687 993 2771 singulorum
1024 2695 1233 2754 aetate
1283 2689 1510 2755 adhuc
1557 2688 1744 2754 dicta
1792 2689 1953 2766 sint,
1987 2687 2074 2752 ad
2124 2686 2417 2765 literam,

196 2792 412 2876 qnasi
431 2809 558 2874 per
574 2791 826 2856 lineam
846 2790 1057 2870 facta,
1075 2793 1580 2878 interpretetur,
1607 2797 1678 2857 et
1701 2791 1846 2870 ubi,
1872 2810 1997 2876 per
2022 2790 2250 2876 operis
2281 2790 2420 2854 ses-

194 2894 612 2959 tinationem
640 2901 764 2960 aut
793 2894 1103 2960 scientiae
1131 2893 1565 2973 tenuitatem,
1593 2894 1921 2977 quiddam
1948 2892 2419 2971 erraverimu8‚

197 2999 396 3084 quod
424 3016 548 3083 pro
585 3005 775 3064 certo
805 2998 1037 3083 possit
1079 2998 1418 3076 accidere,
1461 2998 1669 3063 nimis
1720 2998 2085 3082 implorare
2136 3005 2209 3062 et
2257 3018 2421 3081 sup-

192 3103 489 3189 plicare.
579 3101 857 3167 Norunt
905 3096 1167 3186 quippe
1222 3101 1460 3167 harum
1518 3122 1739 3167 rerum
1785 3102 2011 3186 periti,
2058 3101 2420 3167 codicibus

194 3204 515 3289 antiquis
560 3205 834 3289 figuras,
883 3226 1041 3289 quse
1097 3213 1714 3272 commonstrarent
1772 3225 2025 3283 anuum
2083 3225 2223 3289 quo
2282 3205 2426 3269 sint

193 3310 497 3389 exarati,
530 3309 678 3374 dari
710 3330 918 3394 quam
945 3310 1315 3391 rarissime,
1349 3309 1853 3394 antiquissimis
1883 3329 2235 3393 nunquam
2260 3317 2314 3373 ε’
2349 3316 2423 3374 et

193 3413 480 3478 etiamsi
513 3413 830 3497 quaedam
859 3414 1001 3479 sint
1031 3414 1249 3505 signa,
1282 3419 1425 3478 tam
1464 3413 1539 3477 in
1568 3413 2079 3479 characteribus
2116 3433 2323 3499 quam
2349 3412 2422 3477 in

192 3515 580 3581 membrani
637 3515 751 3581 vel
812 3517 1064 3582 chartae
1121 3522 1468 3583 vetustate
1543 3523 1779 3600 atque·
1808 3536 2111 3595 mucore,
2170 3522 2294 3581 aut
2349 3515 2422 3578 in

191 3618 439 3685 colore
490 3621 876 3699 atramenti,
923 3619 1348 3704 talibusque,
1394 3620 1758 3700 cernenda,
1793 3640 1949 3703 quae
1997 3620 2420 3684 diversorum
2530 3693 2538 3702 ι

194 3723 623 3788 saeculorum
656 3724 1066 3808 scripturam
1110 3722 1253 3788 fere
1303 3723 1659 3802 denotent,
1689 3731 1921 3789 tamen
1964 3723 2037 3787 in
2074 3723 2183 3788 his
2212 3722 2420 3786 rebus

191 3826 711 3892 versatissimos
769 3846 982 3911 posse
1030 3828 1376 3895 interdum
1433 3828 1613 3927 capi.
1706 3824 1917 3906 Quod
1975 3825 2420 3892 doctissimus

1212 4027 1425 4082 No'rAE

254 4143 282 4170 ³
313 4126 659 4205 Excipiendae
675 4157 801 4193 vero
838 4148 959 4195 sunt
981 4144 1191 4197 Chartae
1213 4151 1269 4196 et
1349 4147 1483 4199 nicoe
1539 4142 1939 4209 Incamationis,
1986 4156 2174 4194 annum
2227 4141 2422 4193 habent

180 4215 394 4281 Bulla,
425 4222 486 4267 ut
521 4224 794 4281 vocantur,
819 4234 936 4284 quae
968 4221 1269 4287 plerumque
1348 4229 1603 4275 notatum.

178 4291 467 4359 Principis
488 4294 571 4343 vel
590 4293 951 4362 Papaesttegni
974 4300 1059 4350 vel
1089 4301 1270 4355 Domi·

334 4390 511 4456 υιιριι.
533 4396 592 4443 et.
610 4392 724 4443 ναν.
748 4394 876 4446 σιω.
1333 4399 1531 4450 same.
2147 4400 2177 4446 ³
2204 4395 2257 4447 Η
