2984 4892
378 351 426 417 6
1280 360 1698 416 renui-xo.

380 516 613 597 coepto
638 512 962 577 retrahere
986 510 1364 596 impensam
1411 513 1782 579 maximam
1831 510 2057 596 quivis
2094 510 2502 593 credidisset,
2531 516 2598 580 ei

379 615 474 681 rei
520 633 603 679 ne
648 615 988 680 minimum
1032 614 1300 699 quidem
1338 615 1580 680 obtulit
1618 613 2173 699 impedimentum.
2262 614 2600 681 Nimirum

262 785 272 799 ,
379 717 452 781 ἰιι
480 734 564 781 ea
588 721 887 801 tempora
914 717 1294 796 incidimus,
1340 719 1595 804 quibus
1624 716 1891 800 Regum
1917 717 2600 797 munificentissimus,

380 819 846 902 bominumque
894 820 1389 886 oculatissimus
1435 820 1781 904 imperium
1831 822 2100 887 obtinet.
2217 819 2387 885 Cum
2440 840 2600 905 ergo

382 919 550 986 Dux
625 922 1122 988 illustrissimus
1200 922 1694 990 Montauserius
1764 922 1853 987 ad
1922 922 2192 988 honeris
2265 936 2599 988 summum

379 1023 718 1107 fastigium
753 1025 1080 1102 sublatus,
1120 1026 1463 1110 lectusque
1507 1027 1679 1091 inter
1725 1026 2049 1091 Proceres
2095 1024 2227 1089 fide
2279 1046 2366 1091 ac
2412 1027 2597 1109 sapi-

382 1126 556 1192 entia
602 1128 1081 1211 praecellentes,
1123 1148 1301 1213 quos
1349 1148 1597 1212 magno
1643 1148 1915 1194 numero
1978 1127 2176 1192 bodie
2229 1129 2599 1212 pracsertim

378 1230 581 1297 habet
610 1232 792 1296 alma
820 1229 1069 1310 Gallia,
1109 1231 1345 1315 Re‘giae
1375 1231 1716 1316 Delphini
1734 1230 2130 1297 insfitutioni
2170 1230 2598 1311 incumberet,

381 1351 468 1398 ea
493 1332 893 1417 perficienda
916 1334 1195 1413 curavit,
1214 1340 1544 1418 quaranta
1563 1335 2001 1415 cogitaverat.
2071 1332 2596 1399 studiosissime

382 1434 567 1519 apud
595 1454 824 1499 omnes
850 1435 1175 1514 literatos,
1203 1435 1385 1501 intra
1408 1440 1477 1499 et
1502 1442 1692 1499 extra
1729 1435 1913 1518 regni
1950 1433 2139 1511 fines,
2168 1435 2597 1518 requirendos

374 1536 604 1621 jussit,
647 1539 829 1602 viros
860 1538 1144 1602 instituti
1180 1537 1286 1601 sui
1328 1536 1790 1617 administros;
1835 1555 2003 1620 quos
2037 1534 2488 1615 beneficentia,
2527 1542 2600 1602 et

330 1670 336 1675 ·
383 1641 566 1706 omni
594 1640 822 1706 favore
852 1641 1126 1705 clientes
1153 1658 1315 1704 snos
1357 1637 1536 1704 fecit.
1629 1637 1970 1718 Quantum
2009 1638 2096 1702 de
2138 1638 2334 1703 bonis
2362 1638 2596 1717 literis,

382 1741 816 1827 literatisque,
845 1749 988 1809 toto
1017 1743 1297 1827 denique
1329 1739 1678 1806 Musarum
1694 1741 1908 1806 chero
1942 1741 2268 1819 meruerit,
2297 1741 2416 1825 qui
2455 1760 2601 1806 om-

383 1862 525 1924 nes,
574 1852 905 1930 quotquot
958 1847 1274 1911 habemus
1322 1844 1585 1911 Latinae
1633 1846 1879 1928 linguae
1911 1848 2258 1922 auctores,
2304 1862 2411 1922 eo,
2457 1864 2601 1929 qno

382 1949 799 2032 praescripsit
818 1949 1045 2028 modo,
1076 1947 1507 2031 castigandos
1532 1947 2014 2014 etenarrandos
2043 1947 2444 2031 procuravit,
2461 1966 2602 2011 non

382 2064 532 2131 ego,
580 2050 650 2112 in
697 2050 825 2115 bac
871 2050 1170 2129 infantia,
1220 2049 1339 2115 sed
1378 2048 1909 2133 quibuscumque
1948 2051 2267 2113 bonorum
2305 2049 2602 2114 omnium

383 2169 516 2214 non
540 2148 739 2217 suerit
763 2154 989 2217 innata
1013 2152 1226 2236 turpis
1256 2152 1612 2229 aversatio,
1642 2170 1874 2216 omnes
1897 2150 2386 2235 praedicabunt.
2436 2149 2482 2215 J
2486 2170 2602 2215 am

384 2252 547 2318 nihil
574 2272 749 2337 opus
778 2257 899 2319 erit
924 2255 1297 2319 vernaculis
1326 2254 1500 2332 istis,
1527 2261 1598 2319 et
1615 2255 1978 2339 quotannis
2020 2253 2159 2318 fere
2197 2253 2598 2328 renovandis

385 2355 1054 2439 interpretationibus,
1097 2374 1259 2441 quae
1294 2358 1417 2421 vix
1454 2357 1624 2421 satis
1661 2374 1956 2440 unquam
1997 2356 2291 2420 auctoris
2327 2372 2599 2421 sensum

384 2461 454 2522 et
495 2476 779 2544 scopum
818 2466 1283 2544 assequuntur,
1317 2478 1592 2542 semper
1635 2459 1726 2523 ab
1766 2458 1827 2542 ej
1837 2478 1912 2522 us
1953 2458 2228 2534 ratione,
2264 2455 2601 2539 modoque

385 2559 734 2626 recedunt..
814 2559 1143 2646 Quisquis
1176 2564 1243 2628 in
1272 2562 1537 2627 Latinae
1567 2561 1813 2644 lingum
1843 2559 2325 2644 cognoscendis
2352 2559 2601 2642 princi-

384 2662 523 2745 piis
549 2681 823 2747 operam
850 2678 1041 2729 suam
1067 2685 1190 2751 per
1217 2685 1343 2730 sex
1372 2684 1630 2729 menses
1658 2664 1969 2729 adhibere
1992 2662 2295 2741 voluerit,
2323 2662 2387 2726 is
2413 2669 2603 2746 post-

386 2782 472 2830 ea
515 2767 700 2831 solus
744 2786 1051 2851 magnam
1096 2770 1280 2834 illam
1312 2769 1575 2834 virtutis
1615 2768 1934 2845 aſtricem,
1977 2772 2265 2832 veterem
2306 2763 2598 2831 Romam

387 2866 565 2949 dieo,
606 2871 856 2954 poterit
901 2871 1330 2954 perlnsuare3
1375 2876 1690 2954 tutusque
1734 2867 2250 2935 venerandorum
2296 2867 2445 2951 ejus
2493 2886 2603 2933 se-

386 2971 719 3055 pultorum
746 2971 986 3037 Manes
1014 2972 1083 3036 in
1111 2974 1436 3037 auxilium
1462 2978 1533 3038 et
1560 2971 1914 3039 consilium
1938 2990 2236 3036 evocare.
2327 2969 2604 3037 Utinam

388 3088 568 3150 vero,
598 3073 779 3156 quod
809 3075 1133 3157 reliquum
1172 3081 1300 3153 est,
1332 3081 1471 3139 tam
1507 3075 1734 3139 multis
1772 3073 2358 3139 commoditatibus
2391 3074 2603 3156 wa

386 3180 613 3238 nostra
654 3175 815 3239 nihil
858 3176 1222 3242 detractum
1266 3178 1484 3243 i'nerit.
1576 3177 1901 3242 Socordia
1940 3197 2072 3241 non
2112 3176 2404 3241 evenerit
2444 3196 2604 3259 pre-

386 3274 603 3341 fecto:
665 3296 823 3361 quae
882 3283 1100 3343 autem
1155 3300 1274 3363 per
1323 3281 1723 3365 imperitiam
1767 3281 2033 3345 turbata
2079 3279 2343 3357 fuerint,
2388 3298 2473 3344 ea
2524 3285 2603 3345 ut

386 3376 793 3446 humanitate
826 3386 959 3446 -tua
1011 3402 1328 3448 excusare
1374 3384 1566 3462 veIiS,
1626 3383 1867 3448 Lector
1921 3382 2264 3460 benevole,
2311 3398 2599 3453 oramus,

391 3480 598 3562 Quod
619 3485 680 3548 si
704 3483 1199 3553 Illustrissimus
1225 3487 1729 3553 Condmniensis
1757 3482 2268 3569 Episcopus-ex-
2283 3483 2601 3561 ὼ,

389 3586 659 3669 quibus,
691 3588 758 3651 in
788 3588 1146 3653 erudiendo
1178 3588 1514 3672 Principe,
1543 3588 1868 3654 detinetur
1893 3588 2091 3665 curis,
2119 3585 2207 3650 ad
2243 3586 2394 3651 haec
2419 3586 2604 3651 levia

388 3688 674 3752 animum
730 3689 1064 3755 demittere
1122 3693 1486 3774 potuisset3
1548 3696 1662 3757 ant
1717 3689 2157 3755 Nobilissimo
2217 3688 2474 3757 Huetio
2529 3688 2600 3752 in

387 3791 741 3857 earundem
770 3810 1071 3855 curarum
1099 3800 1353 3877 partem
1382 3794 1618 3871 ascito,
1650 3812 1784 3877 qua
1808 3792 2267 3856 benevolentia
2291 3791 2602 3855 laboran-

389 3892 572 3959 tibus
597 3895 795 3958 nobis
814 3914 1278 3979 nonnunquam
1301 3896 1627 3974 subvenit,
1657 3894 1887 3958 eadem
1919 3900 2126 3959 totum
2156 3911 2331 3976 opus
2360 3892 2447 3956 ad
2474 3912 2599 3958 ex-

391 4012 582 4060 amen
630 4017 825 4062 suum
869 4016 1184 4063 revocare
1231 3999 1549 4077 licuisset,
1596 3996 1851 4082 aliquid
1906 4004 2081 4060 certe
2131 3993 2600 4080 promovendis

388 4098 631 4163 studiis
687 4100 921 4163 utilius
975 4100 1308 4165 excudere
1364 4102 1829 4184 potuissemuS.
1949 4095 2152 4176 Quod
2206 4097 2424 4175 nobis,
2479 4097 2601 4181 qui

383 4199 642 4287 priores
668 4201 741 4267 in
764 4201 936 4266 hanc
950 4219 1218 4267 arenam
1242 4201 1730 4280 descendimus,
1745 4201 2063 4285 quoniam
2088 4199 2347 4266 fortuna
2364 4198 2601 4265 melior

2939 2322 2960 2465 ι-ιι-

2943 2742 2984 2797 ει·
2945 2638 2984 2693 ,μ’
2941 2524 2974 2579 m
