2984 4892
1047 433 1117 481 c.
1148 432 1213 482 c.
1251 430 1683 483 sunus-ru.
2342 412 2483 483 805

265 573 429 658 '1496
454 591 474 619 ‘
494 572 648 645 Hoc
679 584 741 645 in
789 583 1082 646 volumine
1107 586 1239 646 baec
1266 585 1660 646 continentur.
1757 585 2064 664 Pomponii
2094 586 2363 666 Epistola
2391 585 2472 647 ad

342 682 738 762 Augustinnm
760 683 1099 760 Mapheum.
1117 683 1189 743 C.
1208 681 1404 765 Crispi
1424 682 1662 742 Salustii
1685 682 1901 743 bellum
1923 681 2311 744 catilinarium
2330 702 2472 744 cum

344 790 687 839 commento
711 779 1006 840 Laurentii
1033 778 1345 841 vallensis.
1433 778 1615 839 Portii
1647 779 1911 840 Latronis
1944 779 2311 841 Declamatio
2336 801 2478 842 con·

348 886 440 936 tra
481 877 550 937 L.
581 876 899 936 catilinam.
1007 877 1078 937 C.
1117 876 1309 958 Crispi
1353 876 1588 938 Salustii
1635 877 1857 937 bellum
1898 876 2315 956 iugurthinum.
2401 879 2476 939 C.

344 972 535 1053 Orispi
565 974 801 1033 Salustii
824 973 981 1034 varie
1009 974 1303 1034 orationes
1350 994 1424 1035 ex
1453 975 1645 1034 Libris
1679 973 1940 1034 eiusdem
1984 974 2348 1035 historiarum
2376 994 2477 1034 ex-

349 1080 571 1150 cerpte.
654 1073 727 1131 C.
758 1071 944 1149 Crispi
973 1072 1211 1133 Salustii
1233 1073 1393 1133 vita!
1475 1074 1661 1134 Haec
1645 1093 1703 1133 in
1724 1072 1935 1135 fronte.
2016 1074 2085 1132 In
2106 1071 2261 1134 fine·
2310 1075 2477 1133 ‘Ac-

345 1168 684 1247 cipe-opus·
665 1167 947 1228 -Salustii-
948 1168 1385 1230 accuratissime
1429 1179 1493 1230 et
1534 1168 1790 1230 fideliter
1829 1170 2168 1248 impressum
2197 1166 2473 1250 Lugduni

342 1280 451 1343 per
476 1265 818 1344 magistrum
847 1265 1156 1326 iohannem
1179 1265 1255 1326 de
1283 1267 1517 1347 vingle
1501 1286 1904 1346 impressorem
1935 1267 2237 1346 insignem.
2296 1269 2474 1326 Anno

345 1363 426 1423 ab
473 1362 867 1423 incarnatione
917 1382 1020 1422 seu
1063 1363 1360 1423 nativitate
1411 1365 1475 1423 M
1483 1365 1662 1439 ill-eno
1710 1364 2234 1443 quadringenteno.
2278 1348 2497 1422 xcvlf

347 1462 548 1520 Altera
575 1460 672 1520 die
698 1460 1027 1540 epyphanie
1056 1460 1279 1521 domini
1307 1482 1424 1541 que
1465 1472 1558 1523 est
1586 1463 1832 1542 septima
1860 1462 1983 1523 dies
2012 1461 2236 1521 Mensis
2266 1461 2476 1520 lanua·

344 1557 456 1617 rii!
481 1558 913 1618 4.-Maittair.
942 1578 1081 1638 pag.
1110 1557 1518 1620 610.'Panzcr
1543 1561 1718 1620 Tom.
1742 1577 1841 1621 lx.
1871 1580 1932 1639 p.
1963 1567 2103 1620 248.

253 1686 344 1704 -—
367 1655 681 1716 Sallustius
727 1676 801 1715 ex
845 1657 993 1718 Laeti
1036 1656 1452 1737 recognitione,
1482 1678 1616 1718 cum
1650 1659 1821 1719 Laur.
1850 1657 2037 1717 Vallae
2065 1662 2388 1716 comment.
2417 1652 2472 1712 in

347 1750 665 1814 Catilinam
695 1763 757 1814 et
781 1754 874 1814 Jo.
903 1753 1117 1834 Chrys.
1145 1754 1308 1813 Soldi
1338 1755 1396 1814 in
1426 1756 1795 1833 Jugurtham.
1834 1753 2092 1814 Venetiis
2121 1772 2229 1831 per
2253 1750 2474 1830 Philip·

343 1870 489 1930 pum
518 1852 809 1913 Pincium.
840 1852 1228 1913 pot—Pam.
1254 1853 1436 1914 Tom.
1470 1870 1581 1914 ιιι.
1607 1872 1745 1932 pag.
1775 1860 1917 1923 399.

249 1958 427 2021 ,1497
460 1957 477 1984 ‘
507 1951 640 2009 Hoc
669 1950 729 2010 in
759 1950 1053 2011 volumine
1082 1951 1210 2011 haec
1248 1952 1642 2012 continentur.
1730 1949 2037 2029 Pomponii
2086 1947 2354 2028 Epistola
2394 1945 2473 2006 ad

339 2042 735 2125 Augustinum
766 2047 1109 2126 Mapheum.
1131 2082 1146 2095 -
1167 2048 1239 2108 C.
1270 2049 1466 2129 Crispi
1497 2036 1751 2110 Sallustii
1784 2049 1998 2108 bellum
2033 2043 2480 2117 catilinarium,’

343 2148 464 2204 «Sec.
488 2153 554 2203 ut
580 2145 637 2203 iu
663 2144 761 2205 ed.
794 2145 1098 2207 Brixiensi.
1129 2165 1224 2207 an.
1261 2153 1437 2216 1495.
1525 2149 1593 2206 In
1623 2145 1776 2208 fine:
1824 2153 1843 2180 ‘
1872 2146 2035 2206 Scito
2063 2141 2473 2205 humanissime

343 2240 535 2301 lector
556 2243 685 2302 haec
701 2262 881 2322 opera
909 2245 1149 2304 Salustii
1177 2265 1310 2305 cum
1342 2246 1774 2306 commentariis
1798 2255 1856 2306 et
1882 2245 2008 2305 aliis
2024 2262 2161 2302 cum
2184 2241 2477 2301 declama·

338 2338 640 2401 tionibus:
685 2351 809 2401 tum
858 2343 1256 2404 orationibus:
1301 2362 1478 2422 opera
1529 2353 1589 2404 et
1628 2343 1923 2422 diligentia
1959 2340 2214 2420 magistri
2245 2336 2475 2398 Andree

342 2436 610 2498 Brocart.
693 2439 962 2517 {inpensa
1009 2459 1147 2499 vero
1191 2440 1467 2501 Iohannis
1509 2441 1847 2513 Alexandri,
1894 2449 1956 2500 et
2005 2437 2286 2499 lobannis
2320 2434 2476 2495 Petit

340 2533 720 2594 librariorum·
761 2536 989 2596 Parisiis
1019 2555 1196 2615 quam
1239 2536 1551 2615 diligenter
1592 2539 1774 2599 revisa
1815 2547 1993 2617 atque
2038 2538 2309 2614 impressa
2345 2532 2474 2624 fore

339 2630 544 2691 idibus
588 2633 907 2705 ianuariis‚'
957 2643 1135 2705 1497.
1185 2635 1315 2694 Fol.
1365 2635 1872 2696 min.-Maittair.
1920 2653 1982 2713 p.
2004 2633 2169 2696 ⁸6:35.
2254 2634 2475 2691 Panzer

339 2728 526 2789 Toni.
558 2746 636 2789 ιι.
667 2748 731 2808 p.
755 2730 892 2792 316.
2400 2761 2405 2765 ·

265 2852 331 2873 ..
375 2843 424 2886 s.
475 2843 531 2884 a.
582 2826 622 2884 l.
673 2835 733 2886 et
776 2837 1005 2906 typogr.
1050 2827 1220 2890 fols·
1248 2832 1383 2893 Hoc
1425 2833 1484 2893 in
1543 2830 1838 2892 volumine
1894 2816 2022 2890 baec
2078 2825 2475 2887 continentur.

346 2921 657 3001 Pomponii
683 2924 951 3001 Epistola
978 2925 1056 2985 ad
1088 2931 1483 3008 Augustinum
1529 2930 1890 3009 Maphaeum.
1917 2929 1988 2987 C.
2022 2924 2211 3004 Crispi
2241 2913 2477 2982 Salustii

347 3020 573 3080 bellum
602 3022 1000 3084 Catilinarium
1033 3045 1168 3086 cum
1200 3032 1533 3089 commento
1561 3026 1857 3088 Laurentii
1900 3021 2211 3084 Vallensis.
2296 3015 2479 3079 Portii

346 3117 620 3178 Latronis
666 3120 1016 3182 declamatio
1048 3135 1256 3185 contra
1300 3127 1366 3187 L.
1399 3126 1732 3188 Catilinam.
1761 3125 1832 3185 C.
1864 3121 2059 3200 Crispi
2088 3116 2321 3180 Salustii
2350 3116 2474 3175 bel-

342 3214 470 3274 lum
517 3217 928 3295 Iugurthinum
977 3232 1112 3282 c'um
1156 3223 1589 3285 commentariis
1625 3218 2036 3304 preclarissinii
2072 3216 2263 3277 fratris
2305 3215 2472 3273 Ioan.

305 3330 313 3359 ³
347 3311 760 3390 chrysostomi
781 3315 942 3374 Soldi
965 3318 1239 3381 Brixiani.
1325 3323 1394 3383 C.
1425 3321 1619 3402 Crispi
1639 3318 1875 3381 Salustii
1896 3316 2070 3377 variae
2092 3313 2385 3374 orationes
2401 3331 2472 3371 ex

267 3438 276 3445 ·
342 3407 522 3468 libris·
554 3410 812 3473 eiusdem
867 3411 1231 3478 historiarum
1289 3429 1581 3499 exceptae.
1664 3420 1738 3480 C.
1794 3416 1987 3495 Crispi
2043 3412 2278 3473 Salustii
2332 3409 2475 3470 vita.

343 3506 571 3567 Romae
599 3526 704 3586 per
729 3504 1114 3589 Pomponium
1142 3516 1449 3577 emendata
1478 3517 1827 3595 Brixiaeque
1847 3533 1953 3592 per
1978 3514 2144 3571 Ioau.
2188 3506 2476 3569 Britanni·

344 3614 486 3662 cum
538 3603 978 3683 diligentissime
1032 3611 1261 3672 revisa!
1379 3613 1733 3674 Praecedunt
1786 3609 2068 3691 Epistolae
2138 3605 2277 3667 diiae
2329 3603 2472 3666 Joh.

345 3700 439 3759 Ch
449 3703 755 3779 rysostomi
783 3702 943 3761 Soldi
967 3703 1047 3763 ad
1074 3705 1309 3768 fratrem
1331 3729 1500 3769 suum
1519 3710 2036 3770 Bartholomaeum.
2080 3707 2143 3765 In
2166 3702 2283 3763 fine
2313 3702 2476 3762 nulla

341 3798 1033 3876 subscriptio.—Panzer
1058 3803 1233 3866 Tom.
1267 3798 1359 3867 ιν.
1389 3827 1451 3886 p.
1482 3805 1618 3868 1⁸6.
1644 3807 1856 3867 Brixiae
1884 3805 2118 3864 mininie
2144 3802 2270 3862 dari
2295 3819 2475 3880 posse

344 3897 502 3956 hanc
546 3895 690 3957 edit.
735 3907 934 3958 monet
979 3901 1234 3963 Audiffr.
1288 3904 1346 3963 in
1389 3906 1726 3986 Specimine
1773 3904 1912 3964 edd.
1955 3901 2142 3962 Italic.
2189 3901 2322 3960 Sec.
2354 3917 2473 3960 xv.

341 4011 483 4072 pag.
513 4002 654 4055 203.

262 4098 429 4153 1500
457 4089 734 4151 venetiis.
767 4092 890 4152 Fol.
945 4096 1010 4154 ln
1041 4096 1228 4175 prima
1255 4100 1470 4180 pagina
1498 4100 1622 4161 solii
1652 4099 1819 4179 primi
1857 4095 2300 4177 conspiciuntur
2327 4111 2474 4172 qua·

345 4183 486 4246 ‘W
511 4184 736 4265 figur&
779 4199 1078 4253 auctorem
1118 4203 1179 4253 et
1225 4204 1343 4255 tres
1391 4197 1524 4274 ejus
1572 4204 2061 4256 commentatores
2106 4191 2471 4253 exhibentes.

345 4282 458 4344 liis
502 4284 813 4346 voluminis
850 4285 1030 4365 hujus
1077 4299 1358 4354 contenta
1402 4295 1679 4375 leguntur
1722 4293 2020 4373 subjecta.
2102 4307 2148 4351 1.
2179 4290 2253 4352 C.
2278 4287 2473 4366 Crispi
