2984 4892
519 422 655 492 806
1193 432 1591 489 ascensus
1641 434 2079 485 snirrorruM

606 581 844 645 Salustii
871 579 1097 643 Bellum
1127 579 1530 645 Catilinarium
1572 599 1709 641 eum
1756 576 2053 641 Lauremii
2080 576 2267 637 Valloe
2304 584 2369 637 et
2406 573 2741 639 omuitmi

609 679 924 743 Leonieeni
953 677 1406 738 commentariis.
1491 693 1573 738 11.
1606 676 1782 736 Partii
1809 675 2082 737 Latronis
2111 674 2489 735 Declamatio
2528 685 2746 739 eontra

609 778 680 838 L.
735 776 1070 838 Catilinam.
1183 791 1292 836 111.
1349 773 1587 835 Salustii
1642 773 1871 833 Bellum
1914 771 2333 850 Jugurthiuum
2381 791 2523 831 eum
2567 772 2743 833 Joan.

607 875 1018 956 chrysostomi
1045 874 1206 934 Soldi
1243 872 1689 934 commentariis.
1776 888 1873 932 1v.
1904 870 2185 949 Ejusdem
2228 870 2404 929 variae
2445 869 2747 929 orationes

607 991 679 1033 ac
736 972 1062 1034 vitm-Ad
1126 971 1305 1032 finem
1374 971 1696 1033 habentur:
1767 969 1976 1031 Oratio
2039 967 2279 1029 Salustii
2329 966 2630 1027 invectiva
2681 966 2745 1025 in

605 1070 972 1144 Ciceronem,
1021 1069 1199 1147 hujus
1243 1067 1565 1147 responsio,
1611 1077 1671 1127 et
1711 1066 1984 1126 Catilinae
2035 1064 2243 1125 Oratio
2288 1063 2631 1142 responsiva
2682 1063 2746 1123 in

606 1169 972 1231 Ciceronem.
1058 1167 1122 1226 ln
1166 1168 1330 1228 calce
1379 1163 1686 1225 voluminis
1735 1164 1983 1242 legitur:
2029 1170 2046 1196 ‘
2079 1163 2433 1242 lmpressum
2483 1160 2749 1221 venetiis

605 1284 790 1344 opera
814 1275 876 1327 et
903 1265 1165 1343 impensa
1205 1260 1562 1323 solertissimi
1607 1260 1714 1320 viri
1763 1261 1996 1321 loannis
2030 1258 2283 1321 Tacuini
2330 1258 2407 1318 de
2448 1257 2743 1319 Tridino:

603 1373 882 1443 regnante
933 1358 1137 1422 inclito
1191 1359 1463 1438 Principe
1521 1358 1850 1437 Augustino
1899 1357 2229 1421 Barbadioo
2280 1361 2459 1419 Anno
2514 1355 2747 1417 domini

610 1475 688 1521 M.
715 1476 900 1521 cccc.
951 1459 1047 1519 die
1094 1475 1217 1519 xx.
1258 1458 1411 1517 Lui.'
1490 1455 1747 1534 Adjecta
1784 1465 1923 1517 suut
1949 1456 2280 1517 chartarum
2320 1456 2638 1535 registrum
2686 1461 2755 1514 et

604 1556 958 1637 typographi
985 1556 1351 1636 symbolum
1426 1555 1518 1615 Pl.
1548 1557 1743 1615 Braun
1772 1556 1842 1616 P.
1876 1570 1958 1617 11.
1985 1573 2121 1633 pag.
2152 1562 2294 1617 324.
2324 1573 2383 1613 ιι.
2416 1569 2638 1614 xviri.

530 1661 733 1715 1501ι
758 1654 950 1734 Crispi
1004 1652 1240 1714 Salustii
1283 1651 1434 1711 liber
1479 1650 1558 1712 de
1603 1651 1769 1713 Bello
1816 1651 2099 1727 Iugurthe
2141 1650 2290 1730 regis
2337 1650 2746 1713 Uuiusdarun

603 1751 946 1812 emendatus
974 1759 1154 1830 atque
1198 1750 1516 1828 impressus
1563 1749 1846 1828 impensis
1886 1750 2011 1809 Iac.
2041 1748 2118 1808 de
2148 1747 2340 1809 Breda
2370 1732 2748 1807 Daventriaef

607 1849 847 1909 4.-Sic
879 1849 1034 1910 Bibl.
1065 1847 1362 1911 Emtinck.
1384 1849 1453 1909 P.
1482 1864 1593 1909 111.
1617 1868 1680 1928 p.
1706 1854 1843 1909 151.
1868 1868 1927 1908 ιι.
1955 1854 2095 1920 398
2126 1845 2304 1909 Conf.
2320 1847 2546 1907 Panzer
2563 1845 2738 1905 Tom.

608 1961 701 2007 iv.
731 1965 867 2025 pag.
898 1954 1041 2007 484.

533 2050 686 2105 1502
718 2051 736 2076 ‘
760 2044 896 2103 Hoc
925 2043 984 2103 iu
1013 2041 1312 2103 volumine
1354 2043 1486 2103 haec
1532 2042 1931 2105 continentur.
2014 2042 2324 2121 Pomponii
2367 2042 2641 2121 Epistola
2666 2040 2741 2102 ad

606 2139 1007 2219 Augustinum
1058 2139 1407 2219 Mapheum.
1453 2140 1526 2199 C.
1557 2139 1752 2220 Crispi
1794 2139 2029 2200 Salustii
2072 2140 2289 2200 bellum
2334 2138 2745 2200 Catilium-ium

606 2257 743 2298 cum
797 2245 1131 2299 commento
1188 2235 1482 2297 Laurentii
1541 2236 1855 2297 vallensis:
1910 2247 1973 2297 et
2025 2236 2353 2298 Omniboni
2403 2236 2739 2297 Leoniceni.

606 2336 786 2395 Portii
808 2335 1082 2396 Latronis
1098 2332 1474 2394 Declamatio
1492 2344 1700 2394 contra
1716 2335 1784 2394 L.
1804 2333 2134 2397 Catilinam.
2183 2336 2256 2395 C.
2279 2334 2480 2413 Crispi
2505 2333 2743 2397 Salustii

606 2431 826 2492 bellum
880 2433 1290 2511 Iugurthinum
1356 2451 1489 2492 cum
1556 2430 1990 2492 commentariis
2055 2431 2490 2510 praeclarissimi
2546 2431 2741 2492 fratris

605 2527 840 2589 Ioannis
893 2528 1295 2608 chrysostomi
1347 2527 1513 2589 Soldi
1556 2527 1831 2589 Brixiaui.
1911 2529 1985 2590 C.
2040 2528 2236 2607 Crispi
2282 2530 2519 2590 Salustii
2566 2531 2739 2591 varin

607 2626 903 2687 orationes
949 2647 1023 2687 ex
1067 2626 1232 2686 libris
1275 2625 1538 2687 eiusdem
1585 2635 1873 2705 exceptae.
1956 2627 2030 2687 C.
2073 2627 2272 2705 Crispi
2319 2627 2560 2689 Salustii
2604 2628 2741 2689 vita.

603 2712 805 2783 Romae
834 2743 942 2802 per
968 2724 1352 2804 Pomponium
1382 2723 1716 2795 emendata,
1745 2724 2077 2803 Brixiaeque
2109 2743 2216 2802 per
2243 2724 2414 2785 Ioan.
2450 2726 2740 2787 Britanni·

602 2841 743 2882 cum
769 2821 1201 2902 diligentissime
1229 2823 1454 2884 revisa!
1532 2822 1603 2882 In
1632 2821 1780 2882 fine:
1826 2831 1846 2858 ⁸
1875 2823 2235 2901 Impressum
2264 2822 2526 2884 venetiis
2557 2842 2740 2899 opera

602 2930 662 2980 et
687 2919 951 2999 impensa
977 2920 1337 2981 solertissimi
1355 2921 1466 2981 viri
1483 2920 1714 2981 Ioannis
1736 2920 1994 2982 Tacuini
2020 2919 2097 2981 de
2121 2919 2412 2980 Tridino:
2462 2930 2739 3000 regnante

602 3017 804 3077 inclito
835 3016 1106 3098 Principe
1135 3017 1442 3079 Leonardo
1486 3017 1831 3078 Lauredano
1881 3020 2059 3078 Anno
2105 3018 2347 3077 Domini
2378 3033 2735 3080 Mcccccn.

601 3113 700 3174 die
727 3134 786 3183 x.
816 3113 988 3175 Iulii:
1029 3114 1155 3175 Fol.
1185 3149 1266 3161 —
1294 3116 1519 3176 Panzer
1542 3114 1723 3176 Tom.
1757 3130 1918 3176 vul.
1949 3134 2088 3195 pag.
2119 3121 2262 3177 352.

525 3217 682 3272 1503
715 3218 732 3244 ‘
755 3212 827 3271 C.
855 3212 1052 3292 Crispi
1097 3213 1354 3274 Sallustii
1396 3216 1618 3293 Opera.
1678 3213 1795 3274 Hie
1837 3213 1964 3285 erit,
1993 3221 2060 3273 ut
2084 3212 2393 3290 perhibent
2418 3212 2735 3273 doctorem

602 3307 788 3368 corda
834 3310 1105 3384 virorum,
1148 3311 1378 3375 Primus
1421 3313 1728 3373 CRISPUS
1758 3312 1817 3372 in
1846 3311 2133 3373 historia!
2212 3311 2281 3369 In
2309 3308 2470 3370 fine:
2515 3316 2535 3344 ‘
2562 3310 2734 3387 opus

601 3404 719 3465 hoe
746 3404 1091 3486 impressum
1120 3409 1435 3471 Florentiae
1463 3429 1644 3489 opera
1688 3419 1748 3469 et
1794 3410 2058 3488 impensa
2095 3406 2354 3486 Philippi
2384 3408 2577 3467 luntoe
2606 3407 2736 3468 Flo-

597 3501 813 3563 rentini
843 3503 1207 3584 Bibliopolas.
1270 3510 1447 3568 Anno
1475 3508 1683 3569 salutis
1714 3507 2020 3568 millesimo
2045 3504 2516 3585 quingentesimo
2542 3503 2737 3574 tertio,

549 3666 554 3673 ¹
599 3605 768 3659 sexto
792 3596 1086 3662 calendas
1092 3603 1455 3675 Februarias,
1469 3606 1645 3666 Petro
1673 3604 1945 3665 Soterino
1972 3601 2307 3664 Vexillifero
2335 3601 2733 3664 faelicissimo:

603 3705 660 3769 8.
691 3699 1025 3760 -Panzer
1049 3700 1232 3761 Tom.
1264 3718 1391 3765 vn.
1421 3722 1558 3783 pag.
1588 3712 1649 3774 7.
1691 3700 2069 3763 Proemittitur
2098 3698 2406 3762 Benedicti
2451 3696 2733 3777 Philologi

598 3793 848 3855 editoris
876 3799 1331 3895 nuncupatoria.

524 3899 678 3955 1504
705 3893 1008 3955 Salustius.
1039 3896 1283 3966 ‘Blesis,
1313 3904 1526 3975 quarto
1552 3916 1738 3957 nonas
1760 3895 1910 3956 lunii
1931 3896 2369 3959 Mcccccuu!
2390 3901 2450 3955 8.
2473 3898 2729 3968 (curante

597 3988 834 4050 Thoma
881 3991 1176 4064 Murchio,
1226 3993 1549 4065 Genuensi,
1599 3993 1704 4071 qui
1745 4012 1938 4072 pauca
1986 3993 2265 4072 praefatus
2306 3992 2725 4053 ean—Ham.

597 4088 934 4149 Introduet.
965 4089 1022 4149 in
1051 4098 1171 4149 not.
1202 4089 1317 4150 Lit.
1349 4090 1521 4150 Rom.
1551 4108 1613 4168 p.
1647 4107 1730 4150 11.
1758 4110 1896 4169 pag.
1928 4098 2067 4152 250.

515 4216 600 4230 —
627 4184 698 4244 C.
730 4184 977 4264 Crispus
1005 4185 1311 4247 Sallustius
1340 4186 1417 4247 ab
1446 4187 1735 4248 Ascensio
1765 4187 2118 4249 familiariter
2136 4187 2462 4266 expositus.
2508 4193 2528 4221 ‘
2551 4186 2725 4247 lelna

599 4280 772 4343 Petit.
816 4282 969 4352 Quae
1010 4283 1207 4345 omnia
1238 4283 1653 4347 venundantur
1694 4284 2003 4349 Parthisiis
2038 4284 2099 4344 in
2129 4283 2261 4345 vico
2286 4284 2493 4345 Sancti
2532 4281 2720 4349 [tesbi

600 4376 712 4435 sub
737 4377 938 4440 Leone
962 4389 1282 4461 argenteo:
1322 4381 1466 4443 etin
1495 4391 1696 4444 monte
1720 4382 1844 4445 divi
1871 4381 2080 4444 Hilarii
2106 4402 2180 4443 ex
2206 4382 2456 4443 adverso
2483 4378 2722 4460 collegii
